%YAML 1.1
%TAG !u! tag:unity3d.com,2011:
--- !u!241 &24100000
AudioMixerController:
  m_ObjectHideFlags: 0
  m_CorrespondingSourceObject: {fileID: 0}
  m_PrefabInstance: {fileID: 0}
  m_PrefabAsset: {fileID: 0}
  m_Name: Audio Mixer
  m_OutputGroup: {fileID: 0}
  m_MasterGroup: {fileID: 24300002}
  m_Snapshots:
  - {fileID: 24500006}
  m_StartSnapshot: {fileID: 24500006}
  m_SuspendThreshold: -80
  m_EnableSuspend: 1
  m_UpdateMode: 0
  m_ExposedParameters:
  - guid: 98b2f0e300aad4a43bc040bffe6c844e
    name: AmbientVolume
  - guid: b48b203e66706174e9bce266a7fbcbb1
    name: FXVolume
  - guid: 1e8e550e021535a48b5159dba18f45d8
    name: MasterVolume
  - guid: 05a2385b20e73084d855f3dc8c8938a8
    name: MusicVolume
  m_AudioMixerGroupViews:
  - guids:
    - f6b4ca4f4b803a34c925900704992f53
    - 67443553b72e8554b8895f834f84d9fe
    - 5edcd13189f222f43bace3bdc2a68db5
    - d895af75cd219964d865578bcff9ae9c
    name: View
  m_CurrentViewIndex: 0
  m_TargetSnapshot: {fileID: 24500006}
--- !u!243 &24300002
AudioMixerGroupController:
  m_ObjectHideFlags: 0
  m_CorrespondingSourceObject: {fileID: 0}
  m_PrefabInstance: {fileID: 0}
  m_PrefabAsset: {fileID: 0}
  m_Name: Master
  m_AudioMixer: {fileID: 24100000}
  m_GroupID: f6b4ca4f4b803a34c925900704992f53
  m_Children:
  - {fileID: 243501013064389304}
  - {fileID: 243153746985072692}
  - {fileID: 243222842884704328}
  m_Volume: 1e8e550e021535a48b5159dba18f45d8
  m_Pitch: 90fc99b194c643c428519367674ef5e0
  m_Effects:
  - {fileID: 24400004}
  - {fileID: 244356143636423092}
  m_UserColorIndex: 1
  m_Mute: 0
  m_Solo: 0
  m_BypassEffects: 0
--- !u!244 &24400004
AudioMixerEffectController:
  m_ObjectHideFlags: 3
  m_CorrespondingSourceObject: {fileID: 0}
  m_PrefabInstance: {fileID: 0}
  m_PrefabAsset: {fileID: 0}
  m_Name: 
  m_EffectID: 0020c3de74d5e624b818c0fea19dade3
  m_EffectName: Attenuation
  m_MixLevel: fb7dd98666aea4b48960e869e99714d3
  m_Parameters: []
  m_SendTarget: {fileID: 0}
  m_EnableWetMix: 0
  m_Bypass: 0
--- !u!245 &24500006
AudioMixerSnapshotController:
  m_ObjectHideFlags: 0
  m_CorrespondingSourceObject: {fileID: 0}
  m_PrefabInstance: {fileID: 0}
  m_PrefabAsset: {fileID: 0}
  m_Name: Snapshot
  m_AudioMixer: {fileID: 24100000}
  m_SnapshotID: af688176c5370924086bc1c07df89e31
  m_FloatValues:
    d1e60f01a5a24034085f7b25ec4c369f: 0
    a29c1131e63771c4281e244c0104ef5d: -0.7
    62d17271f8d3e424b9f06e48e263fb4c: -80
    faaa9582b8fd4224fb3de490663fe560: -66.2
    32498f83e0c412548beff3ab2776c2de: 1.13
    98b2f0e300aad4a43bc040bffe6c844e: 0.025578514
    bb18ef05cf44afe4b877111928343d28: 33.2
    09b392366a5f8524c9236d8303b52100: 0
    f6df9256eba37e44298d108da350fa08: 0.1
    1e3f0d97f1e8b8e4d9e9f695a08e2b4a: 0
    05a2385b20e73084d855f3dc8c8938a8: -0.43201196
    1e8e550e021535a48b5159dba18f45d8: 0.10800299
    b48b203e66706174e9bce266a7fbcbb1: 0.19542223
    880b6e4e3fe6b6a49970acb82a466ed5: 0.1
    4ed623ffd11e9f54689eafb231cb1686: 0
  m_TransitionOverrides: {}
--- !u!243 &243153746985072692
AudioMixerGroupController:
  m_ObjectHideFlags: 0
  m_CorrespondingSourceObject: {fileID: 0}
  m_PrefabInstance: {fileID: 0}
  m_PrefabAsset: {fileID: 0}
  m_Name: Ambient
  m_AudioMixer: {fileID: 24100000}
  m_GroupID: 5edcd13189f222f43bace3bdc2a68db5
  m_Children: []
  m_Volume: 98b2f0e300aad4a43bc040bffe6c844e
  m_Pitch: b0bfc41524a366342bf2e6b5f4fc1c52
  m_Effects:
  - {fileID: 244224548711128742}
  - {fileID: 244830313339456254}
  m_UserColorIndex: 6
  m_Mute: 0
  m_Solo: 0
  m_BypassEffects: 0
--- !u!243 &243222842884704328
AudioMixerGroupController:
  m_ObjectHideFlags: 0
  m_CorrespondingSourceObject: {fileID: 0}
  m_PrefabInstance: {fileID: 0}
  m_PrefabAsset: {fileID: 0}
  m_Name: FX
  m_AudioMixer: {fileID: 24100000}
  m_GroupID: d895af75cd219964d865578bcff9ae9c
  m_Children: []
  m_Volume: b48b203e66706174e9bce266a7fbcbb1
  m_Pitch: b1c54b0f29f6fe54e82cdf966b201042
  m_Effects:
  - {fileID: 244725025914086652}
  - {fileID: 244874414680886586}
  m_UserColorIndex: 3
  m_Mute: 0
  m_Solo: 0
  m_BypassEffects: 0
--- !u!243 &243501013064389304
AudioMixerGroupController:
  m_ObjectHideFlags: 0
  m_CorrespondingSourceObject: {fileID: 0}
  m_PrefabInstance: {fileID: 0}
  m_PrefabAsset: {fileID: 0}
  m_Name: Music
  m_AudioMixer: {fileID: 24100000}
  m_GroupID: 67443553b72e8554b8895f834f84d9fe
  m_Children: []
  m_Volume: 05a2385b20e73084d855f3dc8c8938a8
  m_Pitch: 383c31db680061f47b43d6d3bd0756c4
  m_Effects:
  - {fileID: 244255020990369638}
  - {fileID: 244343188418954466}
  - {fileID: 244390734651105040}
  m_UserColorIndex: 8
  m_Mute: 0
  m_Solo: 0
  m_BypassEffects: 0
--- !u!244 &244224548711128742
AudioMixerEffectController:
  m_ObjectHideFlags: 3
  m_CorrespondingSourceObject: {fileID: 0}
  m_PrefabInstance: {fileID: 0}
  m_PrefabAsset: {fileID: 0}
  m_Name: 
  m_EffectID: d13505331826f034b82bcd53c5c85ee3
  m_EffectName: Attenuation
  m_MixLevel: d4c39e360176bcc47a78658457203fac
  m_Parameters: []
  m_SendTarget: {fileID: 0}
  m_EnableWetMix: 0
  m_Bypass: 0
--- !u!244 &244255020990369638
AudioMixerEffectController:
  m_ObjectHideFlags: 3
  m_CorrespondingSourceObject: {fileID: 0}
  m_PrefabInstance: {fileID: 0}
  m_PrefabAsset: {fileID: 0}
  m_Name: 
  m_EffectID: 65f4697b2ac705a46a47014b8f3413b0
  m_EffectName: Attenuation
  m_MixLevel: 7c654586490a8ed4e9ce9105eee2e938
  m_Parameters: []
  m_SendTarget: {fileID: 0}
  m_EnableWetMix: 0
  m_Bypass: 0
--- !u!244 &244343188418954466
AudioMixerEffectController:
  m_ObjectHideFlags: 3
  m_CorrespondingSourceObject: {fileID: 0}
  m_PrefabInstance: {fileID: 0}
  m_PrefabAsset: {fileID: 0}
  m_Name: 
  m_EffectID: dfcb1129f91df324e80f4b8263b2ef29
  m_EffectName: Send
  m_MixLevel: 62d17271f8d3e424b9f06e48e263fb4c
  m_Parameters: []
  m_SendTarget: {fileID: 244356143636423092}
  m_EnableWetMix: 0
  m_Bypass: 0
--- !u!244 &244356143636423092
AudioMixerEffectController:
  m_ObjectHideFlags: 3
  m_CorrespondingSourceObject: {fileID: 0}
  m_PrefabInstance: {fileID: 0}
  m_PrefabAsset: {fileID: 0}
  m_Name: 
  m_EffectID: 46f1007c8afe847479c2f71805f31395
  m_EffectName: Receive
  m_MixLevel: b3d912ce6f4553b4cb312ed7d3cc88a6
  m_Parameters: []
  m_SendTarget: {fileID: 0}
  m_EnableWetMix: 0
  m_Bypass: 0
--- !u!244 &244390734651105040
AudioMixerEffectController:
  m_ObjectHideFlags: 3
  m_CorrespondingSourceObject: {fileID: 0}
  m_PrefabInstance: {fileID: 0}
  m_PrefabAsset: {fileID: 0}
  m_Name: 
  m_EffectID: ab49787a86113ca40bd3182e5b7142ea
  m_EffectName: Duck Volume
  m_MixLevel: 82cb521ce6a3e434a8a828f20eb16ff8
  m_Parameters:
  - m_ParameterName: Threshold
    m_GUID: faaa9582b8fd4224fb3de490663fe560
  - m_ParameterName: Ratio
    m_GUID: 32498f83e0c412548beff3ab2776c2de
  - m_ParameterName: Attack Time
    m_GUID: f6df9256eba37e44298d108da350fa08
  - m_ParameterName: Release Time
    m_GUID: 880b6e4e3fe6b6a49970acb82a466ed5
  - m_ParameterName: Make-up Gain
    m_GUID: a29c1131e63771c4281e244c0104ef5d
  - m_ParameterName: Knee
    m_GUID: bb18ef05cf44afe4b877111928343d28
  - m_ParameterName: Sidechain Mix
    m_GUID: 54d4d0d3852b36640aca9cbbc55051e7
  m_SendTarget: {fileID: 0}
  m_EnableWetMix: 0
  m_Bypass: 0
--- !u!244 &244725025914086652
AudioMixerEffectController:
  m_ObjectHideFlags: 3
  m_CorrespondingSourceObject: {fileID: 0}
  m_PrefabInstance: {fileID: 0}
  m_PrefabAsset: {fileID: 0}
  m_Name: 
  m_EffectID: d559391e6e3db3a4e8af2991372fb172
  m_EffectName: Attenuation
  m_MixLevel: 63e59eb9d673b324db2e1be35794a408
  m_Parameters: []
  m_SendTarget: {fileID: 0}
  m_EnableWetMix: 0
  m_Bypass: 0
--- !u!244 &244830313339456254
AudioMixerEffectController:
  m_ObjectHideFlags: 3
  m_CorrespondingSourceObject: {fileID: 0}
  m_PrefabInstance: {fileID: 0}
  m_PrefabAsset: {fileID: 0}
  m_Name: 
  m_EffectID: e33aa8bf97b21fa488adeac08dbb80ab
  m_EffectName: Send
  m_MixLevel: 09b392366a5f8524c9236d8303b52100
  m_Parameters: []
  m_SendTarget: {fileID: 244390734651105040}
  m_EnableWetMix: 0
  m_Bypass: 0
--- !u!244 &244874414680886586
AudioMixerEffectController:
  m_ObjectHideFlags: 3
  m_CorrespondingSourceObject: {fileID: 0}
  m_PrefabInstance: {fileID: 0}
  m_PrefabAsset: {fileID: 0}
  m_Name: 
  m_EffectID: 845ab7a74b10b554a86d138db0e112b5
  m_EffectName: Send
  m_MixLevel: d1e60f01a5a24034085f7b25ec4c369f
  m_Parameters: []
  m_SendTarget: {fileID: 244390734651105040}
  m_EnableWetMix: 0
  m_Bypass: 0
