%YAML 1.1
%TAG !u! tag:unity3d.com,2011:
--- !u!1 &9053941733080254135
GameObject:
  m_ObjectHideFlags: 0
  m_CorrespondingSourceObject: {fileID: 0}
  m_PrefabInstance: {fileID: 0}
  m_PrefabAsset: {fileID: 0}
  serializedVersion: 6
  m_Component:
  - component: {fileID: 2099303020}
  - component: {fileID: 7172939784725666770}
  m_Layer: 0
  m_Name: Ayuntamiento
  m_TagString: Untagged
  m_Icon: {fileID: 0}
  m_NavMeshLayer: 0
  m_StaticEditorFlags: 0
  m_IsActive: 1
--- !u!4 &2099303020
Transform:
  m_ObjectHideFlags: 0
  m_CorrespondingSourceObject: {fileID: 0}
  m_PrefabInstance: {fileID: 0}
  m_PrefabAsset: {fileID: 0}
  m_GameObject: {fileID: 9053941733080254135}
  m_LocalRotation: {x: 0, y: -0, z: -0, w: 1}
  m_LocalPosition: {x: -3, y: 0.197, z: 0}
  m_LocalScale: {x: 1, y: 1, z: 1}
  m_Children:
  - {fileID: 6824113769728371215}
  m_Father: {fileID: 0}
  m_RootOrder: 0
  m_LocalEulerAnglesHint: {x: 0, y: 0, z: 0}
--- !u!114 &7172939784725666770
MonoBehaviour:
  m_ObjectHideFlags: 0
  m_CorrespondingSourceObject: {fileID: 0}
  m_PrefabInstance: {fileID: 0}
  m_PrefabAsset: {fileID: 0}
  m_GameObject: {fileID: 9053941733080254135}
  m_Enabled: 1
  m_EditorHideFlags: 0
  m_Script: {fileID: 11500000, guid: 241e9790641da1440963751dd1dd4e04, type: 3}
  m_Name: 
  m_EditorClassIdentifier: 
  modelCell:
    cellType: 9
    tileName: Gobierno
    description: "Aqu\xED es donde vas a dar \xF3rdenes a la gente, y la gente a cambio
      se queja."
    allActionsData: []
    cellStatePrototype:
    - first: {fileID: 0}
      second: 1
    cellState:
      m_keys: []
      m_values: 
    viewCell: {fileID: 0}
    mapCell: {fileID: 0}
    blocked: 0
    cellVariations: []
    idListCellsM: 0
  ambientClip: 0
--- !u!1001 &1367032307249066495
PrefabInstance:
  m_ObjectHideFlags: 0
  serializedVersion: 2
  m_Modification:
    m_TransformParent: {fileID: 6824113769728371215}
    m_Modifications:
    - target: {fileID: 400000, guid: d7c673489ae779f4981703d07a67fa6d, type: 3}
      propertyPath: m_LocalPosition.x
      value: -0.63
      objectReference: {fileID: 0}
    - target: {fileID: 400000, guid: d7c673489ae779f4981703d07a67fa6d, type: 3}
      propertyPath: m_LocalPosition.y
      value: 0.014000025
      objectReference: {fileID: 0}
    - target: {fileID: 400000, guid: d7c673489ae779f4981703d07a67fa6d, type: 3}
      propertyPath: m_LocalPosition.z
      value: 2.27
      objectReference: {fileID: 0}
    - target: {fileID: 400000, guid: d7c673489ae779f4981703d07a67fa6d, type: 3}
      propertyPath: m_LocalRotation.x
      value: 0.000000015970919
      objectReference: {fileID: 0}
    - target: {fileID: 400000, guid: d7c673489ae779f4981703d07a67fa6d, type: 3}
      propertyPath: m_LocalRotation.y
      value: 0.6996111
      objectReference: {fileID: 0}
    - target: {fileID: 400000, guid: d7c673489ae779f4981703d07a67fa6d, type: 3}
      propertyPath: m_LocalRotation.z
      value: -0.000000015637568
      objectReference: {fileID: 0}
    - target: {fileID: 400000, guid: d7c673489ae779f4981703d07a67fa6d, type: 3}
      propertyPath: m_LocalRotation.w
      value: 0.7145238
      objectReference: {fileID: 0}
    - target: {fileID: 400000, guid: d7c673489ae779f4981703d07a67fa6d, type: 3}
      propertyPath: m_RootOrder
      value: 4
      objectReference: {fileID: 0}
    - target: {fileID: 400000, guid: d7c673489ae779f4981703d07a67fa6d, type: 3}
      propertyPath: m_LocalScale.x
      value: 0.04018394
      objectReference: {fileID: 0}
    - target: {fileID: 400000, guid: d7c673489ae779f4981703d07a67fa6d, type: 3}
      propertyPath: m_LocalScale.y
      value: 0.041244455
      objectReference: {fileID: 0}
    - target: {fileID: 400000, guid: d7c673489ae779f4981703d07a67fa6d, type: 3}
      propertyPath: m_LocalScale.z
      value: 0.040616024
      objectReference: {fileID: 0}
    - target: {fileID: 100000, guid: d7c673489ae779f4981703d07a67fa6d, type: 3}
      propertyPath: m_Name
      value: tree_3 (1)
      objectReference: {fileID: 0}
    m_RemovedComponents: []
  m_SourcePrefab: {fileID: 100100000, guid: d7c673489ae779f4981703d07a67fa6d, type: 3}
--- !u!1001 &2367184916885631551
PrefabInstance:
  m_ObjectHideFlags: 0
  serializedVersion: 2
  m_Modification:
    m_TransformParent: {fileID: 6824113769728371215}
    m_Modifications:
    - target: {fileID: 400000, guid: d7c673489ae779f4981703d07a67fa6d, type: 3}
      propertyPath: m_LocalPosition.x
      value: -2.43
      objectReference: {fileID: 0}
    - target: {fileID: 400000, guid: d7c673489ae779f4981703d07a67fa6d, type: 3}
      propertyPath: m_LocalPosition.y
      value: 0.008200001
      objectReference: {fileID: 0}
    - target: {fileID: 400000, guid: d7c673489ae779f4981703d07a67fa6d, type: 3}
      propertyPath: m_LocalPosition.z
      value: 1.58
      objectReference: {fileID: 0}
    - target: {fileID: 400000, guid: d7c673489ae779f4981703d07a67fa6d, type: 3}
      propertyPath: m_LocalRotation.x
      value: 0.000000022823203
      objectReference: {fileID: 0}
    - target: {fileID: 400000, guid: d7c673489ae779f4981703d07a67fa6d, type: 3}
      propertyPath: m_LocalRotation.y
      value: 0.9997776
      objectReference: {fileID: 0}
    - target: {fileID: 400000, guid: d7c673489ae779f4981703d07a67fa6d, type: 3}
      propertyPath: m_LocalRotation.z
      value: -0.00000002234683
      objectReference: {fileID: 0}
    - target: {fileID: 400000, guid: d7c673489ae779f4981703d07a67fa6d, type: 3}
      propertyPath: m_LocalRotation.w
      value: 0.02108843
      objectReference: {fileID: 0}
    - target: {fileID: 400000, guid: d7c673489ae779f4981703d07a67fa6d, type: 3}
      propertyPath: m_RootOrder
      value: 1
      objectReference: {fileID: 0}
    - target: {fileID: 400000, guid: d7c673489ae779f4981703d07a67fa6d, type: 3}
      propertyPath: m_LocalScale.x
      value: 0.03814196
      objectReference: {fileID: 0}
    - target: {fileID: 400000, guid: d7c673489ae779f4981703d07a67fa6d, type: 3}
      propertyPath: m_LocalScale.y
      value: 0.039733686
      objectReference: {fileID: 0}
    - target: {fileID: 400000, guid: d7c673489ae779f4981703d07a67fa6d, type: 3}
      propertyPath: m_LocalScale.z
      value: 0.038142353
      objectReference: {fileID: 0}
    m_RemovedComponents: []
  m_SourcePrefab: {fileID: 100100000, guid: d7c673489ae779f4981703d07a67fa6d, type: 3}
--- !u!1001 &4163340859994561432
PrefabInstance:
  m_ObjectHideFlags: 0
  serializedVersion: 2
  m_Modification:
    m_TransformParent: {fileID: 6824113769728371215}
    m_Modifications:
    - target: {fileID: 400000, guid: 1f1d790200b479d44b71528a4d59cf95, type: 3}
      propertyPath: m_LocalPosition.x
      value: -1.68
      objectReference: {fileID: 0}
    - target: {fileID: 400000, guid: 1f1d790200b479d44b71528a4d59cf95, type: 3}
      propertyPath: m_LocalPosition.y
      value: 0.013999995
      objectReference: {fileID: 0}
    - target: {fileID: 400000, guid: 1f1d790200b479d44b71528a4d59cf95, type: 3}
      propertyPath: m_LocalPosition.z
      value: 1.81
      objectReference: {fileID: 0}
    - target: {fileID: 400000, guid: 1f1d790200b479d44b71528a4d59cf95, type: 3}
      propertyPath: m_LocalRotation.x
      value: 0.00000001597092
      objectReference: {fileID: 0}
    - target: {fileID: 400000, guid: 1f1d790200b479d44b71528a4d59cf95, type: 3}
      propertyPath: m_LocalRotation.y
      value: 0.6996112
      objectReference: {fileID: 0}
    - target: {fileID: 400000, guid: 1f1d790200b479d44b71528a4d59cf95, type: 3}
      propertyPath: m_LocalRotation.z
      value: -0.00000001563757
      objectReference: {fileID: 0}
    - target: {fileID: 400000, guid: 1f1d790200b479d44b71528a4d59cf95, type: 3}
      propertyPath: m_LocalRotation.w
      value: 0.7145238
      objectReference: {fileID: 0}
    - target: {fileID: 400000, guid: 1f1d790200b479d44b71528a4d59cf95, type: 3}
      propertyPath: m_RootOrder
      value: 2
      objectReference: {fileID: 0}
    - target: {fileID: 400000, guid: 1f1d790200b479d44b71528a4d59cf95, type: 3}
      propertyPath: m_LocalScale.x
      value: 0.040180434
      objectReference: {fileID: 0}
    - target: {fileID: 400000, guid: 1f1d790200b479d44b71528a4d59cf95, type: 3}
      propertyPath: m_LocalScale.y
      value: 0.041233987
      objectReference: {fileID: 0}
    - target: {fileID: 400000, guid: 1f1d790200b479d44b71528a4d59cf95, type: 3}
      propertyPath: m_LocalScale.z
      value: 0.04062024
      objectReference: {fileID: 0}
    m_RemovedComponents: []
  m_SourcePrefab: {fileID: 100100000, guid: 1f1d790200b479d44b71528a4d59cf95, type: 3}
--- !u!1001 &4692469983454474752
PrefabInstance:
  m_ObjectHideFlags: 0
  serializedVersion: 2
  m_Modification:
    m_TransformParent: {fileID: 6824113769728371215}
    m_Modifications:
    - target: {fileID: 400000, guid: d7c673489ae779f4981703d07a67fa6d, type: 3}
      propertyPath: m_LocalPosition.x
      value: -0.8
      objectReference: {fileID: 0}
    - target: {fileID: 400000, guid: d7c673489ae779f4981703d07a67fa6d, type: 3}
      propertyPath: m_LocalPosition.y
      value: 0.013999995
      objectReference: {fileID: 0}
    - target: {fileID: 400000, guid: d7c673489ae779f4981703d07a67fa6d, type: 3}
      propertyPath: m_LocalPosition.z
      value: 1.89
      objectReference: {fileID: 0}
    - target: {fileID: 400000, guid: d7c673489ae779f4981703d07a67fa6d, type: 3}
      propertyPath: m_LocalRotation.x
      value: 0.00000001597092
      objectReference: {fileID: 0}
    - target: {fileID: 400000, guid: d7c673489ae779f4981703d07a67fa6d, type: 3}
      propertyPath: m_LocalRotation.y
      value: 0.6996112
      objectReference: {fileID: 0}
    - target: {fileID: 400000, guid: d7c673489ae779f4981703d07a67fa6d, type: 3}
      propertyPath: m_LocalRotation.z
      value: -0.00000001563757
      objectReference: {fileID: 0}
    - target: {fileID: 400000, guid: d7c673489ae779f4981703d07a67fa6d, type: 3}
      propertyPath: m_LocalRotation.w
      value: 0.7145238
      objectReference: {fileID: 0}
    - target: {fileID: 400000, guid: d7c673489ae779f4981703d07a67fa6d, type: 3}
      propertyPath: m_RootOrder
      value: 3
      objectReference: {fileID: 0}
    - target: {fileID: 400000, guid: d7c673489ae779f4981703d07a67fa6d, type: 3}
      propertyPath: m_LocalScale.x
      value: 0.040180434
      objectReference: {fileID: 0}
    - target: {fileID: 400000, guid: d7c673489ae779f4981703d07a67fa6d, type: 3}
      propertyPath: m_LocalScale.y
      value: 0.041233987
      objectReference: {fileID: 0}
    - target: {fileID: 400000, guid: d7c673489ae779f4981703d07a67fa6d, type: 3}
      propertyPath: m_LocalScale.z
      value: 0.04062024
      objectReference: {fileID: 0}
    m_RemovedComponents: []
  m_SourcePrefab: {fileID: 100100000, guid: d7c673489ae779f4981703d07a67fa6d, type: 3}
--- !u!1001 &5166338074374394719
PrefabInstance:
  m_ObjectHideFlags: 0
  serializedVersion: 2
  m_Modification:
    m_TransformParent: {fileID: 6824113769728371215}
    m_Modifications:
    - target: {fileID: 400000, guid: d7c673489ae779f4981703d07a67fa6d, type: 3}
      propertyPath: m_LocalPosition.x
      value: -2.72
      objectReference: {fileID: 0}
    - target: {fileID: 400000, guid: d7c673489ae779f4981703d07a67fa6d, type: 3}
      propertyPath: m_LocalPosition.y
      value: 0.018
      objectReference: {fileID: 0}
    - target: {fileID: 400000, guid: d7c673489ae779f4981703d07a67fa6d, type: 3}
      propertyPath: m_LocalPosition.z
      value: 1.24
      objectReference: {fileID: 0}
    - target: {fileID: 400000, guid: d7c673489ae779f4981703d07a67fa6d, type: 3}
      propertyPath: m_LocalRotation.x
      value: 0.000000031587362
      objectReference: {fileID: 0}
    - target: {fileID: 400000, guid: d7c673489ae779f4981703d07a67fa6d, type: 3}
      propertyPath: m_LocalRotation.y
      value: 0.619352
      objectReference: {fileID: 0}
    - target: {fileID: 400000, guid: d7c673489ae779f4981703d07a67fa6d, type: 3}
      propertyPath: m_LocalRotation.z
      value: 0.000000004745449
      objectReference: {fileID: 0}
    - target: {fileID: 400000, guid: d7c673489ae779f4981703d07a67fa6d, type: 3}
      propertyPath: m_LocalRotation.w
      value: -0.7851135
      objectReference: {fileID: 0}
    - target: {fileID: 400000, guid: d7c673489ae779f4981703d07a67fa6d, type: 3}
      propertyPath: m_RootOrder
      value: 5
      objectReference: {fileID: 0}
    - target: {fileID: 400000, guid: d7c673489ae779f4981703d07a67fa6d, type: 3}
      propertyPath: m_LocalScale.x
      value: 0.031406764
      objectReference: {fileID: 0}
    - target: {fileID: 400000, guid: d7c673489ae779f4981703d07a67fa6d, type: 3}
      propertyPath: m_LocalScale.y
      value: 0.03273288
      objectReference: {fileID: 0}
    - target: {fileID: 400000, guid: d7c673489ae779f4981703d07a67fa6d, type: 3}
      propertyPath: m_LocalScale.z
      value: 0.031406764
      objectReference: {fileID: 0}
    - target: {fileID: 400000, guid: d7c673489ae779f4981703d07a67fa6d, type: 3}
      propertyPath: m_LocalEulerAnglesHint.y
      value: 283.462
      objectReference: {fileID: 0}
    - target: {fileID: 100000, guid: d7c673489ae779f4981703d07a67fa6d, type: 3}
      propertyPath: m_Name
      value: tree_3 (2)
      objectReference: {fileID: 0}
    m_RemovedComponents: []
  m_SourcePrefab: {fileID: 100100000, guid: d7c673489ae779f4981703d07a67fa6d, type: 3}
--- !u!1001 &5425398089219535692
PrefabInstance:
  m_ObjectHideFlags: 0
  serializedVersion: 2
  m_Modification:
    m_TransformParent: {fileID: 6824113769728371215}
    m_Modifications:
    - target: {fileID: 400000, guid: 1f1d790200b479d44b71528a4d59cf95, type: 3}
      propertyPath: m_LocalPosition.x
      value: 0.04
      objectReference: {fileID: 0}
    - target: {fileID: 400000, guid: 1f1d790200b479d44b71528a4d59cf95, type: 3}
      propertyPath: m_LocalPosition.y
      value: 0.014999934
      objectReference: {fileID: 0}
    - target: {fileID: 400000, guid: 1f1d790200b479d44b71528a4d59cf95, type: 3}
      propertyPath: m_LocalPosition.z
      value: 1.23
      objectReference: {fileID: 0}
    - target: {fileID: 400000, guid: 1f1d790200b479d44b71528a4d59cf95, type: 3}
      propertyPath: m_LocalRotation.x
      value: 0.000000020291603
      objectReference: {fileID: 0}
    - target: {fileID: 400000, guid: 1f1d790200b479d44b71528a4d59cf95, type: 3}
      propertyPath: m_LocalRotation.y
      value: 0.8987823
      objectReference: {fileID: 0}
    - target: {fileID: 400000, guid: 1f1d790200b479d44b71528a4d59cf95, type: 3}
      propertyPath: m_LocalRotation.z
      value: -0.000000009373075
      objectReference: {fileID: 0}
    - target: {fileID: 400000, guid: 1f1d790200b479d44b71528a4d59cf95, type: 3}
      propertyPath: m_LocalRotation.w
      value: 0.43839514
      objectReference: {fileID: 0}
    - target: {fileID: 400000, guid: 1f1d790200b479d44b71528a4d59cf95, type: 3}
      propertyPath: m_RootOrder
      value: 7
      objectReference: {fileID: 0}
    - target: {fileID: 400000, guid: 1f1d790200b479d44b71528a4d59cf95, type: 3}
      propertyPath: m_LocalScale.x
      value: 0.03657012
      objectReference: {fileID: 0}
    - target: {fileID: 400000, guid: 1f1d790200b479d44b71528a4d59cf95, type: 3}
      propertyPath: m_LocalScale.y
      value: 0.037552096
      objectReference: {fileID: 0}
    - target: {fileID: 400000, guid: 1f1d790200b479d44b71528a4d59cf95, type: 3}
      propertyPath: m_LocalScale.z
      value: 0.036962926
      objectReference: {fileID: 0}
    - target: {fileID: 400000, guid: 1f1d790200b479d44b71528a4d59cf95, type: 3}
      propertyPath: m_LocalEulerAnglesHint.y
      value: 127.99701
      objectReference: {fileID: 0}
    - target: {fileID: 100000, guid: 1f1d790200b479d44b71528a4d59cf95, type: 3}
      propertyPath: m_Name
      value: tree_2 (3)
      objectReference: {fileID: 0}
    m_RemovedComponents: []
  m_SourcePrefab: {fileID: 100100000, guid: 1f1d790200b479d44b71528a4d59cf95, type: 3}
--- !u!1001 &6735008009521015864
PrefabInstance:
  m_ObjectHideFlags: 0
  serializedVersion: 2
  m_Modification:
    m_TransformParent: {fileID: 6824113769728371215}
    m_Modifications:
    - target: {fileID: 400000, guid: 1f1d790200b479d44b71528a4d59cf95, type: 3}
      propertyPath: m_LocalPosition.x
      value: 0.15
      objectReference: {fileID: 0}
    - target: {fileID: 400000, guid: 1f1d790200b479d44b71528a4d59cf95, type: 3}
      propertyPath: m_LocalPosition.y
      value: 0.014
      objectReference: {fileID: 0}
    - target: {fileID: 400000, guid: 1f1d790200b479d44b71528a4d59cf95, type: 3}
      propertyPath: m_LocalPosition.z
      value: 1.6
      objectReference: {fileID: 0}
    - target: {fileID: 400000, guid: 1f1d790200b479d44b71528a4d59cf95, type: 3}
      propertyPath: m_LocalRotation.x
      value: 0.00000001597092
      objectReference: {fileID: 0}
    - target: {fileID: 400000, guid: 1f1d790200b479d44b71528a4d59cf95, type: 3}
      propertyPath: m_LocalRotation.y
      value: 0.6996112
      objectReference: {fileID: 0}
    - target: {fileID: 400000, guid: 1f1d790200b479d44b71528a4d59cf95, type: 3}
      propertyPath: m_LocalRotation.z
      value: -0.00000001563757
      objectReference: {fileID: 0}
    - target: {fileID: 400000, guid: 1f1d790200b479d44b71528a4d59cf95, type: 3}
      propertyPath: m_LocalRotation.w
      value: 0.7145238
      objectReference: {fileID: 0}
    - target: {fileID: 400000, guid: 1f1d790200b479d44b71528a4d59cf95, type: 3}
      propertyPath: m_RootOrder
      value: 0
      objectReference: {fileID: 0}
    - target: {fileID: 400000, guid: 1f1d790200b479d44b71528a4d59cf95, type: 3}
      propertyPath: m_LocalScale.x
      value: 0.040180434
      objectReference: {fileID: 0}
    - target: {fileID: 400000, guid: 1f1d790200b479d44b71528a4d59cf95, type: 3}
      propertyPath: m_LocalScale.y
      value: 0.041233987
      objectReference: {fileID: 0}
    - target: {fileID: 400000, guid: 1f1d790200b479d44b71528a4d59cf95, type: 3}
      propertyPath: m_LocalScale.z
      value: 0.04062024
      objectReference: {fileID: 0}
    - target: {fileID: 100000, guid: 1f1d790200b479d44b71528a4d59cf95, type: 3}
      propertyPath: m_Name
      value: tree_2 (1)
      objectReference: {fileID: 0}
    m_RemovedComponents: []
  m_SourcePrefab: {fileID: 100100000, guid: 1f1d790200b479d44b71528a4d59cf95, type: 3}
--- !u!1001 &6824113769728503951
PrefabInstance:
  m_ObjectHideFlags: 0
  serializedVersion: 2
  m_Modification:
    m_TransformParent: {fileID: 2099303020}
    m_Modifications:
    - target: {fileID: 400000, guid: b392c3200ebac344fbc91be43739f8c0, type: 3}
      propertyPath: m_LocalPosition.x
      value: -0.31159997
      objectReference: {fileID: 0}
    - target: {fileID: 400000, guid: b392c3200ebac344fbc91be43739f8c0, type: 3}
      propertyPath: m_LocalPosition.y
      value: 0.25
      objectReference: {fileID: 0}
    - target: {fileID: 400000, guid: b392c3200ebac344fbc91be43739f8c0, type: 3}
      propertyPath: m_LocalPosition.z
      value: 0.043529987
      objectReference: {fileID: 0}
    - target: {fileID: 400000, guid: b392c3200ebac344fbc91be43739f8c0, type: 3}
      propertyPath: m_LocalRotation.x
      value: -0
      objectReference: {fileID: 0}
    - target: {fileID: 400000, guid: b392c3200ebac344fbc91be43739f8c0, type: 3}
      propertyPath: m_LocalRotation.y
      value: 0.9703684
      objectReference: {fileID: 0}
    - target: {fileID: 400000, guid: b392c3200ebac344fbc91be43739f8c0, type: 3}
      propertyPath: m_LocalRotation.z
      value: -0
      objectReference: {fileID: 0}
    - target: {fileID: 400000, guid: b392c3200ebac344fbc91be43739f8c0, type: 3}
      propertyPath: m_LocalRotation.w
      value: 0.24163061
      objectReference: {fileID: 0}
    - target: {fileID: 400000, guid: b392c3200ebac344fbc91be43739f8c0, type: 3}
      propertyPath: m_RootOrder
      value: 0
      objectReference: {fileID: 0}
    - target: {fileID: 400000, guid: b392c3200ebac344fbc91be43739f8c0, type: 3}
      propertyPath: m_LocalScale.x
      value: 0.2545803
      objectReference: {fileID: 0}
    - target: {fileID: 400000, guid: b392c3200ebac344fbc91be43739f8c0, type: 3}
      propertyPath: m_LocalScale.y
      value: 0.2545803
      objectReference: {fileID: 0}
    - target: {fileID: 400000, guid: b392c3200ebac344fbc91be43739f8c0, type: 3}
      propertyPath: m_LocalScale.z
      value: 0.2545803
      objectReference: {fileID: 0}
    - target: {fileID: 400000, guid: b392c3200ebac344fbc91be43739f8c0, type: 3}
      propertyPath: m_LocalEulerAnglesHint.y
      value: 152.03401
      objectReference: {fileID: 0}
    m_RemovedComponents: []
  m_SourcePrefab: {fileID: 100100000, guid: b392c3200ebac344fbc91be43739f8c0, type: 3}
--- !u!4 &6824113769728371215 stripped
Transform:
  m_CorrespondingSourceObject: {fileID: 400000, guid: b392c3200ebac344fbc91be43739f8c0,
    type: 3}
  m_PrefabInstance: {fileID: 6824113769728503951}
  m_PrefabAsset: {fileID: 0}
--- !u!1001 &7485963747044046487
PrefabInstance:
  m_ObjectHideFlags: 0
  serializedVersion: 2
  m_Modification:
    m_TransformParent: {fileID: 6824113769728371215}
    m_Modifications:
    - target: {fileID: 400000, guid: 1f1d790200b479d44b71528a4d59cf95, type: 3}
      propertyPath: m_LocalPosition.x
      value: 0.45
      objectReference: {fileID: 0}
    - target: {fileID: 400000, guid: 1f1d790200b479d44b71528a4d59cf95, type: 3}
      propertyPath: m_LocalPosition.y
      value: 0.015
      objectReference: {fileID: 0}
    - target: {fileID: 400000, guid: 1f1d790200b479d44b71528a4d59cf95, type: 3}
      propertyPath: m_LocalPosition.z
      value: 1.49
      objectReference: {fileID: 0}
    - target: {fileID: 400000, guid: 1f1d790200b479d44b71528a4d59cf95, type: 3}
      propertyPath: m_LocalRotation.x
      value: 0.000000020291607
      objectReference: {fileID: 0}
    - target: {fileID: 400000, guid: 1f1d790200b479d44b71528a4d59cf95, type: 3}
      propertyPath: m_LocalRotation.y
      value: 0.8987824
      objectReference: {fileID: 0}
    - target: {fileID: 400000, guid: 1f1d790200b479d44b71528a4d59cf95, type: 3}
      propertyPath: m_LocalRotation.z
      value: -0.0000000093730765
      objectReference: {fileID: 0}
    - target: {fileID: 400000, guid: 1f1d790200b479d44b71528a4d59cf95, type: 3}
      propertyPath: m_LocalRotation.w
      value: 0.4383952
      objectReference: {fileID: 0}
    - target: {fileID: 400000, guid: 1f1d790200b479d44b71528a4d59cf95, type: 3}
      propertyPath: m_RootOrder
      value: 6
      objectReference: {fileID: 0}
    - target: {fileID: 400000, guid: 1f1d790200b479d44b71528a4d59cf95, type: 3}
      propertyPath: m_LocalScale.x
      value: 0.036567386
      objectReference: {fileID: 0}
    - target: {fileID: 400000, guid: 1f1d790200b479d44b71528a4d59cf95, type: 3}
      propertyPath: m_LocalScale.y
      value: 0.037532456
      objectReference: {fileID: 0}
    - target: {fileID: 400000, guid: 1f1d790200b479d44b71528a4d59cf95, type: 3}
      propertyPath: m_LocalScale.z
      value: 0.036960583
      objectReference: {fileID: 0}
    - target: {fileID: 400000, guid: 1f1d790200b479d44b71528a4d59cf95, type: 3}
      propertyPath: m_LocalEulerAnglesHint.y
      value: 127.99701
      objectReference: {fileID: 0}
    - target: {fileID: 100000, guid: 1f1d790200b479d44b71528a4d59cf95, type: 3}
      propertyPath: m_Name
      value: tree_2 (2)
      objectReference: {fileID: 0}
    m_RemovedComponents: []
  m_SourcePrefab: {fileID: 100100000, guid: 1f1d790200b479d44b71528a4d59cf95, type: 3}
