%YAML 1.1
%TAG !u! tag:unity3d.com,2011:
--- !u!1 &6789267461332766214
GameObject:
  m_ObjectHideFlags: 0
  m_CorrespondingSourceObject: {fileID: 0}
  m_PrefabInstance: {fileID: 0}
  m_PrefabAsset: {fileID: 0}
  serializedVersion: 6
  m_Component:
  - component: {fileID: 4436167330002355112}
  m_Layer: 0
  m_Name: BaldioModel
  m_TagString: Untagged
  m_Icon: {fileID: 0}
  m_NavMeshLayer: 0
  m_StaticEditorFlags: 0
  m_IsActive: 1
--- !u!4 &4436167330002355112
Transform:
  m_ObjectHideFlags: 0
  m_CorrespondingSourceObject: {fileID: 0}
  m_PrefabInstance: {fileID: 0}
  m_PrefabAsset: {fileID: 0}
  m_GameObject: {fileID: 6789267461332766214}
  m_LocalRotation: {x: -0, y: 0, z: -0, w: 1}
  m_LocalPosition: {x: 0, y: 0, z: 0}
  m_LocalScale: {x: 1, y: 1, z: 1}
  m_Children:
  - {fileID: 8512503561386824877}
  - {fileID: 8512503562179513765}
  - {fileID: 8512503561065204084}
  - {fileID: 8512503561792107813}
  - {fileID: 8512503561409704063}
  - {fileID: 8516988266311446856}
  - {fileID: 8516988267970466663}
  - {fileID: 8516988267119664007}
  - {fileID: 8516988267688658271}
  m_Father: {fileID: 0}
  m_RootOrder: 0
  m_LocalEulerAnglesHint: {x: 0, y: 0, z: 0}
--- !u!1001 &8512503560458179504
PrefabInstance:
  m_ObjectHideFlags: 0
  serializedVersion: 2
  m_Modification:
    m_TransformParent: {fileID: 4436167330002355112}
    m_Modifications:
    - target: {fileID: 1806273466138086, guid: 065211b13cf2c0b45a7ad739ba6e8cc2, type: 3}
      propertyPath: m_Name
      value: SNature_Grass (4)
      objectReference: {fileID: 0}
    - target: {fileID: 4529262592942840, guid: 065211b13cf2c0b45a7ad739ba6e8cc2, type: 3}
      propertyPath: m_LocalPosition.x
      value: 0.08844012
      objectReference: {fileID: 0}
    - target: {fileID: 4529262592942840, guid: 065211b13cf2c0b45a7ad739ba6e8cc2, type: 3}
      propertyPath: m_LocalPosition.y
      value: 0.207
      objectReference: {fileID: 0}
    - target: {fileID: 4529262592942840, guid: 065211b13cf2c0b45a7ad739ba6e8cc2, type: 3}
      propertyPath: m_LocalPosition.z
      value: 0.2440002
      objectReference: {fileID: 0}
    - target: {fileID: 4529262592942840, guid: 065211b13cf2c0b45a7ad739ba6e8cc2, type: 3}
      propertyPath: m_LocalRotation.x
      value: -0
      objectReference: {fileID: 0}
    - target: {fileID: 4529262592942840, guid: 065211b13cf2c0b45a7ad739ba6e8cc2, type: 3}
      propertyPath: m_LocalRotation.y
      value: -0
      objectReference: {fileID: 0}
    - target: {fileID: 4529262592942840, guid: 065211b13cf2c0b45a7ad739ba6e8cc2, type: 3}
      propertyPath: m_LocalRotation.z
      value: -0
      objectReference: {fileID: 0}
    - target: {fileID: 4529262592942840, guid: 065211b13cf2c0b45a7ad739ba6e8cc2, type: 3}
      propertyPath: m_LocalRotation.w
      value: 1
      objectReference: {fileID: 0}
    - target: {fileID: 4529262592942840, guid: 065211b13cf2c0b45a7ad739ba6e8cc2, type: 3}
      propertyPath: m_RootOrder
      value: 5
      objectReference: {fileID: 0}
    - target: {fileID: 4529262592942840, guid: 065211b13cf2c0b45a7ad739ba6e8cc2, type: 3}
      propertyPath: m_LocalScale.x
      value: 0.15252136
      objectReference: {fileID: 0}
    - target: {fileID: 4529262592942840, guid: 065211b13cf2c0b45a7ad739ba6e8cc2, type: 3}
      propertyPath: m_LocalScale.y
      value: 0.15252136
      objectReference: {fileID: 0}
    - target: {fileID: 4529262592942840, guid: 065211b13cf2c0b45a7ad739ba6e8cc2, type: 3}
      propertyPath: m_LocalScale.z
      value: 0.15252136
      objectReference: {fileID: 0}
    m_RemovedComponents: []
  m_SourcePrefab: {fileID: 100100000, guid: 065211b13cf2c0b45a7ad739ba6e8cc2, type: 3}
--- !u!4 &8516988266311446856 stripped
Transform:
  m_CorrespondingSourceObject: {fileID: 4529262592942840, guid: 065211b13cf2c0b45a7ad739ba6e8cc2,
    type: 3}
  m_PrefabInstance: {fileID: 8512503560458179504}
  m_PrefabAsset: {fileID: 0}
--- !u!1001 &8512503560722987391
PrefabInstance:
  m_ObjectHideFlags: 0
  serializedVersion: 2
  m_Modification:
    m_TransformParent: {fileID: 4436167330002355112}
    m_Modifications:
    - target: {fileID: 1806273466138086, guid: 065211b13cf2c0b45a7ad739ba6e8cc2, type: 3}
      propertyPath: m_Name
      value: SNature_Grass (6)
      objectReference: {fileID: 0}
    - target: {fileID: 4529262592942840, guid: 065211b13cf2c0b45a7ad739ba6e8cc2, type: 3}
      propertyPath: m_LocalPosition.x
      value: -0.132
      objectReference: {fileID: 0}
    - target: {fileID: 4529262592942840, guid: 065211b13cf2c0b45a7ad739ba6e8cc2, type: 3}
      propertyPath: m_LocalPosition.y
      value: 0.207
      objectReference: {fileID: 0}
    - target: {fileID: 4529262592942840, guid: 065211b13cf2c0b45a7ad739ba6e8cc2, type: 3}
      propertyPath: m_LocalPosition.z
      value: 0.244
      objectReference: {fileID: 0}
    - target: {fileID: 4529262592942840, guid: 065211b13cf2c0b45a7ad739ba6e8cc2, type: 3}
      propertyPath: m_LocalRotation.x
      value: -0
      objectReference: {fileID: 0}
    - target: {fileID: 4529262592942840, guid: 065211b13cf2c0b45a7ad739ba6e8cc2, type: 3}
      propertyPath: m_LocalRotation.y
      value: -0
      objectReference: {fileID: 0}
    - target: {fileID: 4529262592942840, guid: 065211b13cf2c0b45a7ad739ba6e8cc2, type: 3}
      propertyPath: m_LocalRotation.z
      value: -0
      objectReference: {fileID: 0}
    - target: {fileID: 4529262592942840, guid: 065211b13cf2c0b45a7ad739ba6e8cc2, type: 3}
      propertyPath: m_LocalRotation.w
      value: 1
      objectReference: {fileID: 0}
    - target: {fileID: 4529262592942840, guid: 065211b13cf2c0b45a7ad739ba6e8cc2, type: 3}
      propertyPath: m_RootOrder
      value: 7
      objectReference: {fileID: 0}
    - target: {fileID: 4529262592942840, guid: 065211b13cf2c0b45a7ad739ba6e8cc2, type: 3}
      propertyPath: m_LocalScale.x
      value: 0.15252
      objectReference: {fileID: 0}
    - target: {fileID: 4529262592942840, guid: 065211b13cf2c0b45a7ad739ba6e8cc2, type: 3}
      propertyPath: m_LocalScale.y
      value: 0.15252
      objectReference: {fileID: 0}
    - target: {fileID: 4529262592942840, guid: 065211b13cf2c0b45a7ad739ba6e8cc2, type: 3}
      propertyPath: m_LocalScale.z
      value: 0.15252
      objectReference: {fileID: 0}
    m_RemovedComponents: []
  m_SourcePrefab: {fileID: 100100000, guid: 065211b13cf2c0b45a7ad739ba6e8cc2, type: 3}
--- !u!4 &8516988267119664007 stripped
Transform:
  m_CorrespondingSourceObject: {fileID: 4529262592942840, guid: 065211b13cf2c0b45a7ad739ba6e8cc2,
    type: 3}
  m_PrefabInstance: {fileID: 8512503560722987391}
  m_PrefabAsset: {fileID: 0}
--- !u!1001 &8512503561065337844
PrefabInstance:
  m_ObjectHideFlags: 0
  serializedVersion: 2
  m_Modification:
    m_TransformParent: {fileID: 4436167330002355112}
    m_Modifications:
    - target: {fileID: 100000, guid: 2353c2f149c964a5aa0585b67562d4d0, type: 3}
      propertyPath: m_Name
      value: cone
      objectReference: {fileID: 0}
    - target: {fileID: 400000, guid: 2353c2f149c964a5aa0585b67562d4d0, type: 3}
      propertyPath: m_LocalPosition.x
      value: 0.053
      objectReference: {fileID: 0}
    - target: {fileID: 400000, guid: 2353c2f149c964a5aa0585b67562d4d0, type: 3}
      propertyPath: m_LocalPosition.y
      value: 0.234
      objectReference: {fileID: 0}
    - target: {fileID: 400000, guid: 2353c2f149c964a5aa0585b67562d4d0, type: 3}
      propertyPath: m_LocalPosition.z
      value: -0.322
      objectReference: {fileID: 0}
    - target: {fileID: 400000, guid: 2353c2f149c964a5aa0585b67562d4d0, type: 3}
      propertyPath: m_LocalRotation.x
      value: -0.21607019
      objectReference: {fileID: 0}
    - target: {fileID: 400000, guid: 2353c2f149c964a5aa0585b67562d4d0, type: 3}
      propertyPath: m_LocalRotation.y
      value: -0.39789823
      objectReference: {fileID: 0}
    - target: {fileID: 400000, guid: 2353c2f149c964a5aa0585b67562d4d0, type: 3}
      propertyPath: m_LocalRotation.z
      value: 0.7197623
      objectReference: {fileID: 0}
    - target: {fileID: 400000, guid: 2353c2f149c964a5aa0585b67562d4d0, type: 3}
      propertyPath: m_LocalRotation.w
      value: 0.52624416
      objectReference: {fileID: 0}
    - target: {fileID: 400000, guid: 2353c2f149c964a5aa0585b67562d4d0, type: 3}
      propertyPath: m_RootOrder
      value: 2
      objectReference: {fileID: 0}
    - target: {fileID: 400000, guid: 2353c2f149c964a5aa0585b67562d4d0, type: 3}
      propertyPath: m_LocalEulerAnglesHint.x
      value: 20.205002
      objectReference: {fileID: 0}
    - target: {fileID: 400000, guid: 2353c2f149c964a5aa0585b67562d4d0, type: 3}
      propertyPath: m_LocalEulerAnglesHint.y
      value: -51.048004
      objectReference: {fileID: 0}
    - target: {fileID: 400000, guid: 2353c2f149c964a5aa0585b67562d4d0, type: 3}
      propertyPath: m_LocalEulerAnglesHint.z
      value: 97.93101
      objectReference: {fileID: 0}
    - target: {fileID: 400000, guid: 2353c2f149c964a5aa0585b67562d4d0, type: 3}
      propertyPath: m_LocalScale.x
      value: 24.638435
      objectReference: {fileID: 0}
    - target: {fileID: 400000, guid: 2353c2f149c964a5aa0585b67562d4d0, type: 3}
      propertyPath: m_LocalScale.y
      value: 24.63844
      objectReference: {fileID: 0}
    - target: {fileID: 400000, guid: 2353c2f149c964a5aa0585b67562d4d0, type: 3}
      propertyPath: m_LocalScale.z
      value: 24.638432
      objectReference: {fileID: 0}
    - target: {fileID: 2300000, guid: 2353c2f149c964a5aa0585b67562d4d0, type: 3}
      propertyPath: m_Materials.Array.data[0]
      value: 
      objectReference: {fileID: 2100000, guid: bdbac970f5c1044c1ac459c67ebafac1, type: 2}
    m_RemovedComponents: []
  m_SourcePrefab: {fileID: 100100000, guid: 2353c2f149c964a5aa0585b67562d4d0, type: 3}
--- !u!4 &8512503561065204084 stripped
Transform:
  m_CorrespondingSourceObject: {fileID: 400000, guid: 2353c2f149c964a5aa0585b67562d4d0,
    type: 3}
  m_PrefabInstance: {fileID: 8512503561065337844}
  m_PrefabAsset: {fileID: 0}
--- !u!1001 &8512503561227265959
PrefabInstance:
  m_ObjectHideFlags: 0
  serializedVersion: 2
  m_Modification:
    m_TransformParent: {fileID: 4436167330002355112}
    m_Modifications:
    - target: {fileID: 1806273466138086, guid: 065211b13cf2c0b45a7ad739ba6e8cc2, type: 3}
      propertyPath: m_Name
      value: SNature_Grass (7)
      objectReference: {fileID: 0}
    - target: {fileID: 4529262592942840, guid: 065211b13cf2c0b45a7ad739ba6e8cc2, type: 3}
      propertyPath: m_LocalPosition.x
      value: -0.13200003
      objectReference: {fileID: 0}
    - target: {fileID: 4529262592942840, guid: 065211b13cf2c0b45a7ad739ba6e8cc2, type: 3}
      propertyPath: m_LocalPosition.y
      value: 0.207
      objectReference: {fileID: 0}
    - target: {fileID: 4529262592942840, guid: 065211b13cf2c0b45a7ad739ba6e8cc2, type: 3}
      propertyPath: m_LocalPosition.z
      value: -0.087203264
      objectReference: {fileID: 0}
    - target: {fileID: 4529262592942840, guid: 065211b13cf2c0b45a7ad739ba6e8cc2, type: 3}
      propertyPath: m_LocalRotation.x
      value: -0
      objectReference: {fileID: 0}
    - target: {fileID: 4529262592942840, guid: 065211b13cf2c0b45a7ad739ba6e8cc2, type: 3}
      propertyPath: m_LocalRotation.y
      value: -0
      objectReference: {fileID: 0}
    - target: {fileID: 4529262592942840, guid: 065211b13cf2c0b45a7ad739ba6e8cc2, type: 3}
      propertyPath: m_LocalRotation.z
      value: -0
      objectReference: {fileID: 0}
    - target: {fileID: 4529262592942840, guid: 065211b13cf2c0b45a7ad739ba6e8cc2, type: 3}
      propertyPath: m_LocalRotation.w
      value: 1
      objectReference: {fileID: 0}
    - target: {fileID: 4529262592942840, guid: 065211b13cf2c0b45a7ad739ba6e8cc2, type: 3}
      propertyPath: m_RootOrder
      value: 8
      objectReference: {fileID: 0}
    - target: {fileID: 4529262592942840, guid: 065211b13cf2c0b45a7ad739ba6e8cc2, type: 3}
      propertyPath: m_LocalScale.x
      value: 0.15252
      objectReference: {fileID: 0}
    - target: {fileID: 4529262592942840, guid: 065211b13cf2c0b45a7ad739ba6e8cc2, type: 3}
      propertyPath: m_LocalScale.y
      value: 0.15252
      objectReference: {fileID: 0}
    - target: {fileID: 4529262592942840, guid: 065211b13cf2c0b45a7ad739ba6e8cc2, type: 3}
      propertyPath: m_LocalScale.z
      value: 0.15252
      objectReference: {fileID: 0}
    m_RemovedComponents: []
  m_SourcePrefab: {fileID: 100100000, guid: 065211b13cf2c0b45a7ad739ba6e8cc2, type: 3}
--- !u!4 &8516988267688658271 stripped
Transform:
  m_CorrespondingSourceObject: {fileID: 4529262592942840, guid: 065211b13cf2c0b45a7ad739ba6e8cc2,
    type: 3}
  m_PrefabInstance: {fileID: 8512503561227265959}
  m_PrefabAsset: {fileID: 0}
--- !u!1001 &8512503561386692141
PrefabInstance:
  m_ObjectHideFlags: 0
  serializedVersion: 2
  m_Modification:
    m_TransformParent: {fileID: 4436167330002355112}
    m_Modifications:
    - target: {fileID: 100000, guid: 978214a9b04de8344a1099ebe113b6b2, type: 3}
      propertyPath: m_Name
      value: SNature_SmallRocks
      objectReference: {fileID: 0}
    - target: {fileID: 400000, guid: 978214a9b04de8344a1099ebe113b6b2, type: 3}
      propertyPath: m_LocalPosition.x
      value: 0.103
      objectReference: {fileID: 0}
    - target: {fileID: 400000, guid: 978214a9b04de8344a1099ebe113b6b2, type: 3}
      propertyPath: m_LocalPosition.y
      value: 0.196
      objectReference: {fileID: 0}
    - target: {fileID: 400000, guid: 978214a9b04de8344a1099ebe113b6b2, type: 3}
      propertyPath: m_LocalPosition.z
      value: 0.053265
      objectReference: {fileID: 0}
    - target: {fileID: 400000, guid: 978214a9b04de8344a1099ebe113b6b2, type: 3}
      propertyPath: m_LocalRotation.x
      value: -0
      objectReference: {fileID: 0}
    - target: {fileID: 400000, guid: 978214a9b04de8344a1099ebe113b6b2, type: 3}
      propertyPath: m_LocalRotation.y
      value: -0
      objectReference: {fileID: 0}
    - target: {fileID: 400000, guid: 978214a9b04de8344a1099ebe113b6b2, type: 3}
      propertyPath: m_LocalRotation.z
      value: -0
      objectReference: {fileID: 0}
    - target: {fileID: 400000, guid: 978214a9b04de8344a1099ebe113b6b2, type: 3}
      propertyPath: m_LocalRotation.w
      value: 1
      objectReference: {fileID: 0}
    - target: {fileID: 400000, guid: 978214a9b04de8344a1099ebe113b6b2, type: 3}
      propertyPath: m_RootOrder
      value: 0
      objectReference: {fileID: 0}
    - target: {fileID: 400000, guid: 978214a9b04de8344a1099ebe113b6b2, type: 3}
      propertyPath: m_LocalEulerAnglesHint.x
      value: 0
      objectReference: {fileID: 0}
    - target: {fileID: 400000, guid: 978214a9b04de8344a1099ebe113b6b2, type: 3}
      propertyPath: m_LocalEulerAnglesHint.y
      value: 0
      objectReference: {fileID: 0}
    - target: {fileID: 400000, guid: 978214a9b04de8344a1099ebe113b6b2, type: 3}
      propertyPath: m_LocalEulerAnglesHint.z
      value: 0
      objectReference: {fileID: 0}
    - target: {fileID: 400000, guid: 978214a9b04de8344a1099ebe113b6b2, type: 3}
      propertyPath: m_LocalScale.x
      value: 0.16230613
      objectReference: {fileID: 0}
    - target: {fileID: 400000, guid: 978214a9b04de8344a1099ebe113b6b2, type: 3}
      propertyPath: m_LocalScale.y
      value: 0.16230613
      objectReference: {fileID: 0}
    - target: {fileID: 400000, guid: 978214a9b04de8344a1099ebe113b6b2, type: 3}
      propertyPath: m_LocalScale.z
      value: 0.16230613
      objectReference: {fileID: 0}
    - target: {fileID: 2300000, guid: 978214a9b04de8344a1099ebe113b6b2, type: 3}
      propertyPath: m_Materials.Array.data[0]
      value: 
      objectReference: {fileID: 2100000, guid: 66eff941cc3c78f418cb64a3c8eaacb6, type: 2}
    m_RemovedComponents: []
  m_SourcePrefab: {fileID: 100100000, guid: 978214a9b04de8344a1099ebe113b6b2, type: 3}
--- !u!4 &8512503561386824877 stripped
Transform:
  m_CorrespondingSourceObject: {fileID: 400000, guid: 978214a9b04de8344a1099ebe113b6b2,
    type: 3}
  m_PrefabInstance: {fileID: 8512503561386692141}
  m_PrefabAsset: {fileID: 0}
--- !u!1001 &8512503561409833727
PrefabInstance:
  m_ObjectHideFlags: 0
  serializedVersion: 2
  m_Modification:
    m_TransformParent: {fileID: 4436167330002355112}
    m_Modifications:
    - target: {fileID: 100000, guid: 2353c2f149c964a5aa0585b67562d4d0, type: 3}
      propertyPath: m_Name
      value: cone (1)
      objectReference: {fileID: 0}
    - target: {fileID: 400000, guid: 2353c2f149c964a5aa0585b67562d4d0, type: 3}
      propertyPath: m_LocalPosition.x
      value: 0.35668
      objectReference: {fileID: 0}
    - target: {fileID: 400000, guid: 2353c2f149c964a5aa0585b67562d4d0, type: 3}
      propertyPath: m_LocalPosition.y
      value: 0.23163
      objectReference: {fileID: 0}
    - target: {fileID: 400000, guid: 2353c2f149c964a5aa0585b67562d4d0, type: 3}
      propertyPath: m_LocalPosition.z
      value: 0.10874
      objectReference: {fileID: 0}
    - target: {fileID: 400000, guid: 2353c2f149c964a5aa0585b67562d4d0, type: 3}
      propertyPath: m_LocalRotation.x
      value: -0.35453996
      objectReference: {fileID: 0}
    - target: {fileID: 400000, guid: 2353c2f149c964a5aa0585b67562d4d0, type: 3}
      propertyPath: m_LocalRotation.y
      value: -0.27436316
      objectReference: {fileID: 0}
    - target: {fileID: 400000, guid: 2353c2f149c964a5aa0585b67562d4d0, type: 3}
      propertyPath: m_LocalRotation.z
      value: -0.73619175
      objectReference: {fileID: 0}
    - target: {fileID: 400000, guid: 2353c2f149c964a5aa0585b67562d4d0, type: 3}
      propertyPath: m_LocalRotation.w
      value: -0.5069991
      objectReference: {fileID: 0}
    - target: {fileID: 400000, guid: 2353c2f149c964a5aa0585b67562d4d0, type: 3}
      propertyPath: m_RootOrder
      value: 4
      objectReference: {fileID: 0}
    - target: {fileID: 400000, guid: 2353c2f149c964a5aa0585b67562d4d0, type: 3}
      propertyPath: m_LocalEulerAnglesHint.x
      value: -2.548
      objectReference: {fileID: 0}
    - target: {fileID: 400000, guid: 2353c2f149c964a5aa0585b67562d4d0, type: 3}
      propertyPath: m_LocalEulerAnglesHint.y
      value: -306.773
      objectReference: {fileID: 0}
    - target: {fileID: 400000, guid: 2353c2f149c964a5aa0585b67562d4d0, type: 3}
      propertyPath: m_LocalEulerAnglesHint.z
      value: 109.614006
      objectReference: {fileID: 0}
    - target: {fileID: 400000, guid: 2353c2f149c964a5aa0585b67562d4d0, type: 3}
      propertyPath: m_LocalScale.x
      value: 24.433563
      objectReference: {fileID: 0}
    - target: {fileID: 400000, guid: 2353c2f149c964a5aa0585b67562d4d0, type: 3}
      propertyPath: m_LocalScale.y
      value: 24.433569
      objectReference: {fileID: 0}
    - target: {fileID: 400000, guid: 2353c2f149c964a5aa0585b67562d4d0, type: 3}
      propertyPath: m_LocalScale.z
      value: 24.43356
      objectReference: {fileID: 0}
    - target: {fileID: 2300000, guid: 2353c2f149c964a5aa0585b67562d4d0, type: 3}
      propertyPath: m_Materials.Array.data[0]
      value: 
      objectReference: {fileID: 2100000, guid: bdbac970f5c1044c1ac459c67ebafac1, type: 2}
    m_RemovedComponents: []
  m_SourcePrefab: {fileID: 100100000, guid: 2353c2f149c964a5aa0585b67562d4d0, type: 3}
--- !u!4 &8512503561409704063 stripped
Transform:
  m_CorrespondingSourceObject: {fileID: 400000, guid: 2353c2f149c964a5aa0585b67562d4d0,
    type: 3}
  m_PrefabInstance: {fileID: 8512503561409833727}
  m_PrefabAsset: {fileID: 0}
--- !u!1001 &8512503561791975331
PrefabInstance:
  m_ObjectHideFlags: 0
  serializedVersion: 2
  m_Modification:
    m_TransformParent: {fileID: 4436167330002355112}
    m_Modifications:
    - target: {fileID: 100006, guid: 497179cecab604da693136a55858ff74, type: 3}
      propertyPath: m_Name
      value: wood_barrier
      objectReference: {fileID: 0}
    - target: {fileID: 400006, guid: 497179cecab604da693136a55858ff74, type: 3}
      propertyPath: m_LocalPosition.x
      value: 0.008384943
      objectReference: {fileID: 0}
    - target: {fileID: 400006, guid: 497179cecab604da693136a55858ff74, type: 3}
      propertyPath: m_LocalPosition.y
      value: 0.27046603
      objectReference: {fileID: 0}
    - target: {fileID: 400006, guid: 497179cecab604da693136a55858ff74, type: 3}
      propertyPath: m_LocalPosition.z
      value: -0.04360962
      objectReference: {fileID: 0}
    - target: {fileID: 400006, guid: 497179cecab604da693136a55858ff74, type: 3}
      propertyPath: m_LocalRotation.x
      value: -0.1342467
      objectReference: {fileID: 0}
    - target: {fileID: 400006, guid: 497179cecab604da693136a55858ff74, type: 3}
      propertyPath: m_LocalRotation.y
      value: 0.7758899
      objectReference: {fileID: 0}
    - target: {fileID: 400006, guid: 497179cecab604da693136a55858ff74, type: 3}
      propertyPath: m_LocalRotation.z
      value: 0.59074396
      objectReference: {fileID: 0}
    - target: {fileID: 400006, guid: 497179cecab604da693136a55858ff74, type: 3}
      propertyPath: m_LocalRotation.w
      value: 0.17605191
      objectReference: {fileID: 0}
    - target: {fileID: 400006, guid: 497179cecab604da693136a55858ff74, type: 3}
      propertyPath: m_RootOrder
      value: 3
      objectReference: {fileID: 0}
    - target: {fileID: 400006, guid: 497179cecab604da693136a55858ff74, type: 3}
      propertyPath: m_LocalEulerAnglesHint.x
      value: -74.574005
      objectReference: {fileID: 0}
    - target: {fileID: 400006, guid: 497179cecab604da693136a55858ff74, type: 3}
      propertyPath: m_LocalEulerAnglesHint.y
      value: 154.48401
      objectReference: {fileID: 0}
    - target: {fileID: 400006, guid: 497179cecab604da693136a55858ff74, type: 3}
      propertyPath: m_LocalEulerAnglesHint.z
      value: -0.069000006
      objectReference: {fileID: 0}
    - target: {fileID: 400006, guid: 497179cecab604da693136a55858ff74, type: 3}
      propertyPath: m_LocalScale.x
      value: 0.18464029
      objectReference: {fileID: 0}
    - target: {fileID: 400006, guid: 497179cecab604da693136a55858ff74, type: 3}
      propertyPath: m_LocalScale.y
      value: 0.18464032
      objectReference: {fileID: 0}
    - target: {fileID: 400006, guid: 497179cecab604da693136a55858ff74, type: 3}
      propertyPath: m_LocalScale.z
      value: 0.1846403
      objectReference: {fileID: 0}
    - target: {fileID: 2300000, guid: 497179cecab604da693136a55858ff74, type: 3}
      propertyPath: m_Materials.Array.data[0]
      value: 
      objectReference: {fileID: 2100000, guid: 34e58c082bd2e405a919531646872e9f, type: 2}
    - target: {fileID: 2300002, guid: 497179cecab604da693136a55858ff74, type: 3}
      propertyPath: m_Materials.Array.data[0]
      value: 
      objectReference: {fileID: 2100000, guid: 34e58c082bd2e405a919531646872e9f, type: 2}
    - target: {fileID: 2300006, guid: 497179cecab604da693136a55858ff74, type: 3}
      propertyPath: m_Materials.Array.data[0]
      value: 
      objectReference: {fileID: 2100000, guid: 34e58c082bd2e405a919531646872e9f, type: 2}
    m_RemovedComponents: []
  m_SourcePrefab: {fileID: 100100000, guid: 497179cecab604da693136a55858ff74, type: 3}
--- !u!4 &8512503561792107813 stripped
Transform:
  m_CorrespondingSourceObject: {fileID: 400006, guid: 497179cecab604da693136a55858ff74,
    type: 3}
  m_PrefabInstance: {fileID: 8512503561791975331}
  m_PrefabAsset: {fileID: 0}
--- !u!1001 &8512503562020778399
PrefabInstance:
  m_ObjectHideFlags: 0
  serializedVersion: 2
  m_Modification:
    m_TransformParent: {fileID: 4436167330002355112}
    m_Modifications:
    - target: {fileID: 1806273466138086, guid: 065211b13cf2c0b45a7ad739ba6e8cc2, type: 3}
      propertyPath: m_Name
      value: SNature_Grass (5)
      objectReference: {fileID: 0}
    - target: {fileID: 4529262592942840, guid: 065211b13cf2c0b45a7ad739ba6e8cc2, type: 3}
      propertyPath: m_LocalPosition.x
      value: 0.08844012
      objectReference: {fileID: 0}
    - target: {fileID: 4529262592942840, guid: 065211b13cf2c0b45a7ad739ba6e8cc2, type: 3}
      propertyPath: m_LocalPosition.y
      value: 0.20699999
      objectReference: {fileID: 0}
    - target: {fileID: 4529262592942840, guid: 065211b13cf2c0b45a7ad739ba6e8cc2, type: 3}
      propertyPath: m_LocalPosition.z
      value: -0.053202868
      objectReference: {fileID: 0}
    - target: {fileID: 4529262592942840, guid: 065211b13cf2c0b45a7ad739ba6e8cc2, type: 3}
      propertyPath: m_LocalRotation.x
      value: -0
      objectReference: {fileID: 0}
    - target: {fileID: 4529262592942840, guid: 065211b13cf2c0b45a7ad739ba6e8cc2, type: 3}
      propertyPath: m_LocalRotation.y
      value: -0
      objectReference: {fileID: 0}
    - target: {fileID: 4529262592942840, guid: 065211b13cf2c0b45a7ad739ba6e8cc2, type: 3}
      propertyPath: m_LocalRotation.z
      value: -0
      objectReference: {fileID: 0}
    - target: {fileID: 4529262592942840, guid: 065211b13cf2c0b45a7ad739ba6e8cc2, type: 3}
      propertyPath: m_LocalRotation.w
      value: 1
      objectReference: {fileID: 0}
    - target: {fileID: 4529262592942840, guid: 065211b13cf2c0b45a7ad739ba6e8cc2, type: 3}
      propertyPath: m_RootOrder
      value: 6
      objectReference: {fileID: 0}
    - target: {fileID: 4529262592942840, guid: 065211b13cf2c0b45a7ad739ba6e8cc2, type: 3}
      propertyPath: m_LocalScale.x
      value: 0.15252
      objectReference: {fileID: 0}
    - target: {fileID: 4529262592942840, guid: 065211b13cf2c0b45a7ad739ba6e8cc2, type: 3}
      propertyPath: m_LocalScale.y
      value: 0.15252
      objectReference: {fileID: 0}
    - target: {fileID: 4529262592942840, guid: 065211b13cf2c0b45a7ad739ba6e8cc2, type: 3}
      propertyPath: m_LocalScale.z
      value: 0.15252
      objectReference: {fileID: 0}
    m_RemovedComponents: []
  m_SourcePrefab: {fileID: 100100000, guid: 065211b13cf2c0b45a7ad739ba6e8cc2, type: 3}
--- !u!4 &8516988267970466663 stripped
Transform:
  m_CorrespondingSourceObject: {fileID: 4529262592942840, guid: 065211b13cf2c0b45a7ad739ba6e8cc2,
    type: 3}
  m_PrefabInstance: {fileID: 8512503562020778399}
  m_PrefabAsset: {fileID: 0}
--- !u!1001 &8512503562179433177
PrefabInstance:
  m_ObjectHideFlags: 0
  serializedVersion: 2
  m_Modification:
    m_TransformParent: {fileID: 4436167330002355112}
    m_Modifications:
    - target: {fileID: 142460, guid: 9ec1901049795e04face0066f4588247, type: 3}
      propertyPath: m_Name
      value: Wooden Bridge
      objectReference: {fileID: 0}
    - target: {fileID: 450428, guid: 9ec1901049795e04face0066f4588247, type: 3}
      propertyPath: m_LocalPosition.x
      value: -0.16016263
      objectReference: {fileID: 0}
    - target: {fileID: 450428, guid: 9ec1901049795e04face0066f4588247, type: 3}
      propertyPath: m_LocalPosition.y
      value: 0.2525005
      objectReference: {fileID: 0}
    - target: {fileID: 450428, guid: 9ec1901049795e04face0066f4588247, type: 3}
      propertyPath: m_LocalPosition.z
      value: 0.14470339
      objectReference: {fileID: 0}
    - target: {fileID: 450428, guid: 9ec1901049795e04face0066f4588247, type: 3}
      propertyPath: m_LocalRotation.x
      value: 0.39280888
      objectReference: {fileID: 0}
    - target: {fileID: 450428, guid: 9ec1901049795e04face0066f4588247, type: 3}
      propertyPath: m_LocalRotation.y
      value: 0.63762444
      objectReference: {fileID: 0}
    - target: {fileID: 450428, guid: 9ec1901049795e04face0066f4588247, type: 3}
      propertyPath: m_LocalRotation.z
      value: 0.47743475
      objectReference: {fileID: 0}
    - target: {fileID: 450428, guid: 9ec1901049795e04face0066f4588247, type: 3}
      propertyPath: m_LocalRotation.w
      value: -0.45955664
      objectReference: {fileID: 0}
    - target: {fileID: 450428, guid: 9ec1901049795e04face0066f4588247, type: 3}
      propertyPath: m_RootOrder
      value: 1
      objectReference: {fileID: 0}
    - target: {fileID: 450428, guid: 9ec1901049795e04face0066f4588247, type: 3}
      propertyPath: m_LocalEulerAnglesHint.x
      value: -104.097
      objectReference: {fileID: 0}
    - target: {fileID: 450428, guid: 9ec1901049795e04face0066f4588247, type: 3}
      propertyPath: m_LocalEulerAnglesHint.y
      value: 60.01499
      objectReference: {fileID: 0}
    - target: {fileID: 450428, guid: 9ec1901049795e04face0066f4588247, type: 3}
      propertyPath: m_LocalEulerAnglesHint.z
      value: -165.226
      objectReference: {fileID: 0}
    - target: {fileID: 450428, guid: 9ec1901049795e04face0066f4588247, type: 3}
      propertyPath: m_LocalScale.x
      value: 0.1342384
      objectReference: {fileID: 0}
    - target: {fileID: 450428, guid: 9ec1901049795e04face0066f4588247, type: 3}
      propertyPath: m_LocalScale.y
      value: 0.13423847
      objectReference: {fileID: 0}
    - target: {fileID: 450428, guid: 9ec1901049795e04face0066f4588247, type: 3}
      propertyPath: m_LocalScale.z
      value: 0.1342384
      objectReference: {fileID: 0}
    m_RemovedComponents: []
  m_SourcePrefab: {fileID: 100100000, guid: 9ec1901049795e04face0066f4588247, type: 3}
--- !u!4 &8512503562179513765 stripped
Transform:
  m_CorrespondingSourceObject: {fileID: 450428, guid: 9ec1901049795e04face0066f4588247,
    type: 3}
  m_PrefabInstance: {fileID: 8512503562179433177}
  m_PrefabAsset: {fileID: 0}
