%YAML 1.1
%TAG !u! tag:unity3d.com,2011:
--- !u!1 &5705808796861491223
GameObject:
  m_ObjectHideFlags: 0
  m_CorrespondingSourceObject: {fileID: 0}
  m_PrefabInstance: {fileID: 0}
  m_PrefabAsset: {fileID: 0}
  serializedVersion: 6
  m_Component:
  - component: {fileID: 2107092462}
  - component: {fileID: 7188408643509441887}
  m_Layer: 0
  m_Name: Mar
  m_TagString: Untagged
  m_Icon: {fileID: 0}
  m_NavMeshLayer: 0
  m_StaticEditorFlags: 0
  m_IsActive: 1
--- !u!4 &2107092462
Transform:
  m_ObjectHideFlags: 0
  m_CorrespondingSourceObject: {fileID: 0}
  m_PrefabInstance: {fileID: 0}
  m_PrefabAsset: {fileID: 0}
  m_GameObject: {fileID: 5705808796861491223}
  m_LocalRotation: {x: 0, y: -0, z: -0, w: 1}
  m_LocalPosition: {x: 2, y: 0, z: 0}
  m_LocalScale: {x: 1, y: 1, z: 1}
  m_Children:
  - {fileID: 4056632899831029}
  - {fileID: 1442274595}
  - {fileID: 1594303251}
  - {fileID: 4056630976474197}
  - {fileID: 4056631612050159}
  - {fileID: 4056631682105464}
  - {fileID: 4056631181514493}
  - {fileID: 4056631027610015}
  - {fileID: 4056632889300429}
  - {fileID: 4056632622223511}
  - {fileID: 4056631477546515}
  m_Father: {fileID: 0}
  m_RootOrder: 0
  m_LocalEulerAnglesHint: {x: 0, y: 0, z: 0}
--- !u!114 &7188408643509441887
MonoBehaviour:
  m_ObjectHideFlags: 0
  m_CorrespondingSourceObject: {fileID: 0}
  m_PrefabInstance: {fileID: 0}
  m_PrefabAsset: {fileID: 0}
  m_GameObject: {fileID: 5705808796861491223}
  m_Enabled: 1
  m_EditorHideFlags: 0
  m_Script: {fileID: 11500000, guid: 241e9790641da1440963751dd1dd4e04, type: 3}
  m_Name: 
  m_EditorClassIdentifier: 
  modelCell:
    cellType: 5
    tileName: Mar
    description: El mar marino
    allActionsData:
    - {fileID: 11400000, guid: cbaa6e686fa434848b85e5aff6a40eb9, type: 2}
    - {fileID: 11400000, guid: 3e8605ab91f915343b3ccd949afe6846, type: 2}
    - {fileID: 11400000, guid: dae7bc30af6d9f842b3e3e05286f4ed5, type: 2}
    - {fileID: 11400000, guid: 58f735b09a6df3c40b39d0072c40ccb5, type: 2}
    cellStatePrototype:
    - first: {fileID: 11400000, guid: 7fa30f868782eae4490f4924f65f1668, type: 2}
      second: 1
    - first: {fileID: 11400000, guid: eaec3bfe337cd1540964edc94e62a5db, type: 2}
      second: 0
    - first: {fileID: 11400000, guid: 01e89843f04687b499108e5dccb320c8, type: 2}
      second: 0
    cellState:
      m_keys: []
      m_values: 
    viewCell: {fileID: 0}
    mapCell: {fileID: 0}
    blocked: 0
--- !u!1001 &96031865
PrefabInstance:
  m_ObjectHideFlags: 0
  serializedVersion: 2
  m_Modification:
    m_TransformParent: {fileID: 2107092462}
    m_Modifications:
    - target: {fileID: 1991322978864050, guid: c9bb692f8b5490743a59d75a7995b81c, type: 3}
      propertyPath: m_Name
      value: SNature_LiliPad (8)
      objectReference: {fileID: 0}
    - target: {fileID: 4056631433067114, guid: c9bb692f8b5490743a59d75a7995b81c, type: 3}
      propertyPath: m_LocalPosition.x
      value: -0.371
      objectReference: {fileID: 0}
    - target: {fileID: 4056631433067114, guid: c9bb692f8b5490743a59d75a7995b81c, type: 3}
      propertyPath: m_LocalPosition.y
      value: 0.215
      objectReference: {fileID: 0}
    - target: {fileID: 4056631433067114, guid: c9bb692f8b5490743a59d75a7995b81c, type: 3}
      propertyPath: m_LocalPosition.z
      value: -0.034
      objectReference: {fileID: 0}
    - target: {fileID: 4056631433067114, guid: c9bb692f8b5490743a59d75a7995b81c, type: 3}
      propertyPath: m_LocalRotation.x
      value: -0
      objectReference: {fileID: 0}
    - target: {fileID: 4056631433067114, guid: c9bb692f8b5490743a59d75a7995b81c, type: 3}
      propertyPath: m_LocalRotation.y
      value: 0.68666995
      objectReference: {fileID: 0}
    - target: {fileID: 4056631433067114, guid: c9bb692f8b5490743a59d75a7995b81c, type: 3}
      propertyPath: m_LocalRotation.z
      value: -0
      objectReference: {fileID: 0}
    - target: {fileID: 4056631433067114, guid: c9bb692f8b5490743a59d75a7995b81c, type: 3}
      propertyPath: m_LocalRotation.w
      value: 0.7269693
      objectReference: {fileID: 0}
    - target: {fileID: 4056631433067114, guid: c9bb692f8b5490743a59d75a7995b81c, type: 3}
      propertyPath: m_RootOrder
      value: 10
      objectReference: {fileID: 0}
    - target: {fileID: 4056631433067114, guid: c9bb692f8b5490743a59d75a7995b81c, type: 3}
      propertyPath: m_LocalScale.x
      value: 0.027239995
      objectReference: {fileID: 0}
    - target: {fileID: 4056631433067114, guid: c9bb692f8b5490743a59d75a7995b81c, type: 3}
      propertyPath: m_LocalScale.y
      value: 0.027239999
      objectReference: {fileID: 0}
    - target: {fileID: 4056631433067114, guid: c9bb692f8b5490743a59d75a7995b81c, type: 3}
      propertyPath: m_LocalScale.z
      value: 0.027239995
      objectReference: {fileID: 0}
    - target: {fileID: 4056631433067114, guid: c9bb692f8b5490743a59d75a7995b81c, type: 3}
      propertyPath: m_LocalEulerAnglesHint.y
      value: 86.734
      objectReference: {fileID: 0}
    - target: {fileID: 23772591389640614, guid: c9bb692f8b5490743a59d75a7995b81c,
        type: 3}
      propertyPath: m_Enabled
      value: 0
      objectReference: {fileID: 0}
    m_RemovedComponents: []
  m_SourcePrefab: {fileID: 100100000, guid: c9bb692f8b5490743a59d75a7995b81c, type: 3}
--- !u!4 &4056631477546515 stripped
Transform:
  m_CorrespondingSourceObject: {fileID: 4056631433067114, guid: c9bb692f8b5490743a59d75a7995b81c,
    type: 3}
  m_PrefabInstance: {fileID: 96031865}
  m_PrefabAsset: {fileID: 0}
--- !u!1001 &386034839
PrefabInstance:
  m_ObjectHideFlags: 0
  serializedVersion: 2
  m_Modification:
    m_TransformParent: {fileID: 2107092462}
    m_Modifications:
    - target: {fileID: 1991322978864050, guid: c9bb692f8b5490743a59d75a7995b81c, type: 3}
      propertyPath: m_Name
      value: SNature_LiliPad (4)
      objectReference: {fileID: 0}
    - target: {fileID: 4056631433067114, guid: c9bb692f8b5490743a59d75a7995b81c, type: 3}
      propertyPath: m_LocalPosition.x
      value: -0.003
      objectReference: {fileID: 0}
    - target: {fileID: 4056631433067114, guid: c9bb692f8b5490743a59d75a7995b81c, type: 3}
      propertyPath: m_LocalPosition.y
      value: 0.215
      objectReference: {fileID: 0}
    - target: {fileID: 4056631433067114, guid: c9bb692f8b5490743a59d75a7995b81c, type: 3}
      propertyPath: m_LocalPosition.z
      value: 0.161
      objectReference: {fileID: 0}
    - target: {fileID: 4056631433067114, guid: c9bb692f8b5490743a59d75a7995b81c, type: 3}
      propertyPath: m_LocalRotation.x
      value: -0
      objectReference: {fileID: 0}
    - target: {fileID: 4056631433067114, guid: c9bb692f8b5490743a59d75a7995b81c, type: 3}
      propertyPath: m_LocalRotation.y
      value: -0
      objectReference: {fileID: 0}
    - target: {fileID: 4056631433067114, guid: c9bb692f8b5490743a59d75a7995b81c, type: 3}
      propertyPath: m_LocalRotation.z
      value: -0
      objectReference: {fileID: 0}
    - target: {fileID: 4056631433067114, guid: c9bb692f8b5490743a59d75a7995b81c, type: 3}
      propertyPath: m_LocalRotation.w
      value: 1
      objectReference: {fileID: 0}
    - target: {fileID: 4056631433067114, guid: c9bb692f8b5490743a59d75a7995b81c, type: 3}
      propertyPath: m_RootOrder
      value: 6
      objectReference: {fileID: 0}
    - target: {fileID: 4056631433067114, guid: c9bb692f8b5490743a59d75a7995b81c, type: 3}
      propertyPath: m_LocalScale.x
      value: 0.04214
      objectReference: {fileID: 0}
    - target: {fileID: 4056631433067114, guid: c9bb692f8b5490743a59d75a7995b81c, type: 3}
      propertyPath: m_LocalScale.y
      value: 0.04214
      objectReference: {fileID: 0}
    - target: {fileID: 4056631433067114, guid: c9bb692f8b5490743a59d75a7995b81c, type: 3}
      propertyPath: m_LocalScale.z
      value: 0.04214
      objectReference: {fileID: 0}
    - target: {fileID: 23772591389640614, guid: c9bb692f8b5490743a59d75a7995b81c,
        type: 3}
      propertyPath: m_Enabled
      value: 0
      objectReference: {fileID: 0}
    m_RemovedComponents: []
  m_SourcePrefab: {fileID: 100100000, guid: c9bb692f8b5490743a59d75a7995b81c, type: 3}
--- !u!4 &4056631181514493 stripped
Transform:
  m_CorrespondingSourceObject: {fileID: 4056631433067114, guid: c9bb692f8b5490743a59d75a7995b81c,
    type: 3}
  m_PrefabInstance: {fileID: 386034839}
  m_PrefabAsset: {fileID: 0}
--- !u!1001 &418368501
PrefabInstance:
  m_ObjectHideFlags: 0
  serializedVersion: 2
  m_Modification:
    m_TransformParent: {fileID: 2107092462}
    m_Modifications:
    - target: {fileID: 1991322978864050, guid: c9bb692f8b5490743a59d75a7995b81c, type: 3}
      propertyPath: m_Name
      value: SNature_LiliPad (5)
      objectReference: {fileID: 0}
    - target: {fileID: 4056631433067114, guid: c9bb692f8b5490743a59d75a7995b81c, type: 3}
      propertyPath: m_LocalPosition.x
      value: -0.12
      objectReference: {fileID: 0}
    - target: {fileID: 4056631433067114, guid: c9bb692f8b5490743a59d75a7995b81c, type: 3}
      propertyPath: m_LocalPosition.y
      value: 0.215
      objectReference: {fileID: 0}
    - target: {fileID: 4056631433067114, guid: c9bb692f8b5490743a59d75a7995b81c, type: 3}
      propertyPath: m_LocalPosition.z
      value: -0.344
      objectReference: {fileID: 0}
    - target: {fileID: 4056631433067114, guid: c9bb692f8b5490743a59d75a7995b81c, type: 3}
      propertyPath: m_LocalRotation.x
      value: -0
      objectReference: {fileID: 0}
    - target: {fileID: 4056631433067114, guid: c9bb692f8b5490743a59d75a7995b81c, type: 3}
      propertyPath: m_LocalRotation.y
      value: 0.68666995
      objectReference: {fileID: 0}
    - target: {fileID: 4056631433067114, guid: c9bb692f8b5490743a59d75a7995b81c, type: 3}
      propertyPath: m_LocalRotation.z
      value: -0
      objectReference: {fileID: 0}
    - target: {fileID: 4056631433067114, guid: c9bb692f8b5490743a59d75a7995b81c, type: 3}
      propertyPath: m_LocalRotation.w
      value: 0.7269693
      objectReference: {fileID: 0}
    - target: {fileID: 4056631433067114, guid: c9bb692f8b5490743a59d75a7995b81c, type: 3}
      propertyPath: m_RootOrder
      value: 7
      objectReference: {fileID: 0}
    - target: {fileID: 4056631433067114, guid: c9bb692f8b5490743a59d75a7995b81c, type: 3}
      propertyPath: m_LocalScale.x
      value: 0.027239995
      objectReference: {fileID: 0}
    - target: {fileID: 4056631433067114, guid: c9bb692f8b5490743a59d75a7995b81c, type: 3}
      propertyPath: m_LocalScale.y
      value: 0.027239999
      objectReference: {fileID: 0}
    - target: {fileID: 4056631433067114, guid: c9bb692f8b5490743a59d75a7995b81c, type: 3}
      propertyPath: m_LocalScale.z
      value: 0.027239995
      objectReference: {fileID: 0}
    - target: {fileID: 4056631433067114, guid: c9bb692f8b5490743a59d75a7995b81c, type: 3}
      propertyPath: m_LocalEulerAnglesHint.y
      value: 86.734
      objectReference: {fileID: 0}
    - target: {fileID: 23772591389640614, guid: c9bb692f8b5490743a59d75a7995b81c,
        type: 3}
      propertyPath: m_Enabled
      value: 0
      objectReference: {fileID: 0}
    m_RemovedComponents: []
  m_SourcePrefab: {fileID: 100100000, guid: c9bb692f8b5490743a59d75a7995b81c, type: 3}
--- !u!4 &4056631027610015 stripped
Transform:
  m_CorrespondingSourceObject: {fileID: 4056631433067114, guid: c9bb692f8b5490743a59d75a7995b81c,
    type: 3}
  m_PrefabInstance: {fileID: 418368501}
  m_PrefabAsset: {fileID: 0}
--- !u!1001 &467342911
PrefabInstance:
  m_ObjectHideFlags: 0
  serializedVersion: 2
  m_Modification:
    m_TransformParent: {fileID: 2107092462}
    m_Modifications:
    - target: {fileID: 1991322978864050, guid: c9bb692f8b5490743a59d75a7995b81c, type: 3}
      propertyPath: m_Name
      value: SNature_LiliPad (1)
      objectReference: {fileID: 0}
    - target: {fileID: 4056631433067114, guid: c9bb692f8b5490743a59d75a7995b81c, type: 3}
      propertyPath: m_LocalPosition.x
      value: 0.102
      objectReference: {fileID: 0}
    - target: {fileID: 4056631433067114, guid: c9bb692f8b5490743a59d75a7995b81c, type: 3}
      propertyPath: m_LocalPosition.y
      value: 0.215
      objectReference: {fileID: 0}
    - target: {fileID: 4056631433067114, guid: c9bb692f8b5490743a59d75a7995b81c, type: 3}
      propertyPath: m_LocalPosition.z
      value: -0.251
      objectReference: {fileID: 0}
    - target: {fileID: 4056631433067114, guid: c9bb692f8b5490743a59d75a7995b81c, type: 3}
      propertyPath: m_LocalRotation.x
      value: -0
      objectReference: {fileID: 0}
    - target: {fileID: 4056631433067114, guid: c9bb692f8b5490743a59d75a7995b81c, type: 3}
      propertyPath: m_LocalRotation.y
      value: 0.68666995
      objectReference: {fileID: 0}
    - target: {fileID: 4056631433067114, guid: c9bb692f8b5490743a59d75a7995b81c, type: 3}
      propertyPath: m_LocalRotation.z
      value: -0
      objectReference: {fileID: 0}
    - target: {fileID: 4056631433067114, guid: c9bb692f8b5490743a59d75a7995b81c, type: 3}
      propertyPath: m_LocalRotation.w
      value: 0.7269693
      objectReference: {fileID: 0}
    - target: {fileID: 4056631433067114, guid: c9bb692f8b5490743a59d75a7995b81c, type: 3}
      propertyPath: m_RootOrder
      value: 3
      objectReference: {fileID: 0}
    - target: {fileID: 4056631433067114, guid: c9bb692f8b5490743a59d75a7995b81c, type: 3}
      propertyPath: m_LocalScale.x
      value: 0.027239937
      objectReference: {fileID: 0}
    - target: {fileID: 4056631433067114, guid: c9bb692f8b5490743a59d75a7995b81c, type: 3}
      propertyPath: m_LocalScale.y
      value: 0.027239937
      objectReference: {fileID: 0}
    - target: {fileID: 4056631433067114, guid: c9bb692f8b5490743a59d75a7995b81c, type: 3}
      propertyPath: m_LocalScale.z
      value: 0.027239937
      objectReference: {fileID: 0}
    - target: {fileID: 4056631433067114, guid: c9bb692f8b5490743a59d75a7995b81c, type: 3}
      propertyPath: m_LocalEulerAnglesHint.y
      value: 86.734
      objectReference: {fileID: 0}
    - target: {fileID: 23772591389640614, guid: c9bb692f8b5490743a59d75a7995b81c,
        type: 3}
      propertyPath: m_Enabled
      value: 0
      objectReference: {fileID: 0}
    m_RemovedComponents: []
  m_SourcePrefab: {fileID: 100100000, guid: c9bb692f8b5490743a59d75a7995b81c, type: 3}
--- !u!4 &4056630976474197 stripped
Transform:
  m_CorrespondingSourceObject: {fileID: 4056631433067114, guid: c9bb692f8b5490743a59d75a7995b81c,
    type: 3}
  m_PrefabInstance: {fileID: 467342911}
  m_PrefabAsset: {fileID: 0}
--- !u!1001 &837351954
PrefabInstance:
  m_ObjectHideFlags: 0
  serializedVersion: 2
  m_Modification:
    m_TransformParent: {fileID: 2107092462}
    m_Modifications:
    - target: {fileID: 1991322978864050, guid: c9bb692f8b5490743a59d75a7995b81c, type: 3}
      propertyPath: m_Name
      value: SNature_LiliPad (3)
      objectReference: {fileID: 0}
    - target: {fileID: 4056631433067114, guid: c9bb692f8b5490743a59d75a7995b81c, type: 3}
      propertyPath: m_LocalPosition.x
      value: -0.147
      objectReference: {fileID: 0}
    - target: {fileID: 4056631433067114, guid: c9bb692f8b5490743a59d75a7995b81c, type: 3}
      propertyPath: m_LocalPosition.y
      value: 0.215
      objectReference: {fileID: 0}
    - target: {fileID: 4056631433067114, guid: c9bb692f8b5490743a59d75a7995b81c, type: 3}
      propertyPath: m_LocalPosition.z
      value: 0.044
      objectReference: {fileID: 0}
    - target: {fileID: 4056631433067114, guid: c9bb692f8b5490743a59d75a7995b81c, type: 3}
      propertyPath: m_LocalRotation.x
      value: -0
      objectReference: {fileID: 0}
    - target: {fileID: 4056631433067114, guid: c9bb692f8b5490743a59d75a7995b81c, type: 3}
      propertyPath: m_LocalRotation.y
      value: 0.68666995
      objectReference: {fileID: 0}
    - target: {fileID: 4056631433067114, guid: c9bb692f8b5490743a59d75a7995b81c, type: 3}
      propertyPath: m_LocalRotation.z
      value: -0
      objectReference: {fileID: 0}
    - target: {fileID: 4056631433067114, guid: c9bb692f8b5490743a59d75a7995b81c, type: 3}
      propertyPath: m_LocalRotation.w
      value: 0.7269693
      objectReference: {fileID: 0}
    - target: {fileID: 4056631433067114, guid: c9bb692f8b5490743a59d75a7995b81c, type: 3}
      propertyPath: m_RootOrder
      value: 5
      objectReference: {fileID: 0}
    - target: {fileID: 4056631433067114, guid: c9bb692f8b5490743a59d75a7995b81c, type: 3}
      propertyPath: m_LocalScale.x
      value: 0.027239995
      objectReference: {fileID: 0}
    - target: {fileID: 4056631433067114, guid: c9bb692f8b5490743a59d75a7995b81c, type: 3}
      propertyPath: m_LocalScale.y
      value: 0.027239999
      objectReference: {fileID: 0}
    - target: {fileID: 4056631433067114, guid: c9bb692f8b5490743a59d75a7995b81c, type: 3}
      propertyPath: m_LocalScale.z
      value: 0.027239995
      objectReference: {fileID: 0}
    - target: {fileID: 4056631433067114, guid: c9bb692f8b5490743a59d75a7995b81c, type: 3}
      propertyPath: m_LocalEulerAnglesHint.y
      value: 86.734
      objectReference: {fileID: 0}
    - target: {fileID: 23772591389640614, guid: c9bb692f8b5490743a59d75a7995b81c,
        type: 3}
      propertyPath: m_Enabled
      value: 0
      objectReference: {fileID: 0}
    m_RemovedComponents: []
  m_SourcePrefab: {fileID: 100100000, guid: c9bb692f8b5490743a59d75a7995b81c, type: 3}
--- !u!4 &4056631682105464 stripped
Transform:
  m_CorrespondingSourceObject: {fileID: 4056631433067114, guid: c9bb692f8b5490743a59d75a7995b81c,
    type: 3}
  m_PrefabInstance: {fileID: 837351954}
  m_PrefabAsset: {fileID: 0}
--- !u!1001 &1035333765
PrefabInstance:
  m_ObjectHideFlags: 0
  serializedVersion: 2
  m_Modification:
    m_TransformParent: {fileID: 2107092462}
    m_Modifications:
    - target: {fileID: 1991322978864050, guid: c9bb692f8b5490743a59d75a7995b81c, type: 3}
      propertyPath: m_Name
      value: SNature_LiliPad (2)
      objectReference: {fileID: 0}
    - target: {fileID: 4056631433067114, guid: c9bb692f8b5490743a59d75a7995b81c, type: 3}
      propertyPath: m_LocalPosition.x
      value: 0.102
      objectReference: {fileID: 0}
    - target: {fileID: 4056631433067114, guid: c9bb692f8b5490743a59d75a7995b81c, type: 3}
      propertyPath: m_LocalPosition.y
      value: 0.215
      objectReference: {fileID: 0}
    - target: {fileID: 4056631433067114, guid: c9bb692f8b5490743a59d75a7995b81c, type: 3}
      propertyPath: m_LocalPosition.z
      value: 0.044
      objectReference: {fileID: 0}
    - target: {fileID: 4056631433067114, guid: c9bb692f8b5490743a59d75a7995b81c, type: 3}
      propertyPath: m_LocalRotation.x
      value: -0
      objectReference: {fileID: 0}
    - target: {fileID: 4056631433067114, guid: c9bb692f8b5490743a59d75a7995b81c, type: 3}
      propertyPath: m_LocalRotation.y
      value: 0.68666995
      objectReference: {fileID: 0}
    - target: {fileID: 4056631433067114, guid: c9bb692f8b5490743a59d75a7995b81c, type: 3}
      propertyPath: m_LocalRotation.z
      value: -0
      objectReference: {fileID: 0}
    - target: {fileID: 4056631433067114, guid: c9bb692f8b5490743a59d75a7995b81c, type: 3}
      propertyPath: m_LocalRotation.w
      value: 0.7269693
      objectReference: {fileID: 0}
    - target: {fileID: 4056631433067114, guid: c9bb692f8b5490743a59d75a7995b81c, type: 3}
      propertyPath: m_RootOrder
      value: 4
      objectReference: {fileID: 0}
    - target: {fileID: 4056631433067114, guid: c9bb692f8b5490743a59d75a7995b81c, type: 3}
      propertyPath: m_LocalScale.x
      value: 0.027239995
      objectReference: {fileID: 0}
    - target: {fileID: 4056631433067114, guid: c9bb692f8b5490743a59d75a7995b81c, type: 3}
      propertyPath: m_LocalScale.y
      value: 0.027239999
      objectReference: {fileID: 0}
    - target: {fileID: 4056631433067114, guid: c9bb692f8b5490743a59d75a7995b81c, type: 3}
      propertyPath: m_LocalScale.z
      value: 0.027239995
      objectReference: {fileID: 0}
    - target: {fileID: 4056631433067114, guid: c9bb692f8b5490743a59d75a7995b81c, type: 3}
      propertyPath: m_LocalEulerAnglesHint.y
      value: 86.734
      objectReference: {fileID: 0}
    - target: {fileID: 23772591389640614, guid: c9bb692f8b5490743a59d75a7995b81c,
        type: 3}
      propertyPath: m_Enabled
      value: 0
      objectReference: {fileID: 0}
    m_RemovedComponents: []
  m_SourcePrefab: {fileID: 100100000, guid: c9bb692f8b5490743a59d75a7995b81c, type: 3}
--- !u!4 &4056631612050159 stripped
Transform:
  m_CorrespondingSourceObject: {fileID: 4056631433067114, guid: c9bb692f8b5490743a59d75a7995b81c,
    type: 3}
  m_PrefabInstance: {fileID: 1035333765}
  m_PrefabAsset: {fileID: 0}
--- !u!1001 &1441875875
PrefabInstance:
  m_ObjectHideFlags: 0
  serializedVersion: 2
  m_Modification:
    m_TransformParent: {fileID: 2107092462}
    m_Modifications:
    - target: {fileID: 400000, guid: 8864a906f2c5a814c8329c41f396b148, type: 3}
      propertyPath: m_LocalPosition.x
      value: -0.029999971
      objectReference: {fileID: 0}
    - target: {fileID: 400000, guid: 8864a906f2c5a814c8329c41f396b148, type: 3}
      propertyPath: m_LocalPosition.y
      value: -0.025000002
      objectReference: {fileID: 0}
    - target: {fileID: 400000, guid: 8864a906f2c5a814c8329c41f396b148, type: 3}
      propertyPath: m_LocalPosition.z
      value: 0.074
      objectReference: {fileID: 0}
    - target: {fileID: 400000, guid: 8864a906f2c5a814c8329c41f396b148, type: 3}
      propertyPath: m_LocalRotation.x
      value: -0
      objectReference: {fileID: 0}
    - target: {fileID: 400000, guid: 8864a906f2c5a814c8329c41f396b148, type: 3}
      propertyPath: m_LocalRotation.y
      value: -0
      objectReference: {fileID: 0}
    - target: {fileID: 400000, guid: 8864a906f2c5a814c8329c41f396b148, type: 3}
      propertyPath: m_LocalRotation.z
      value: -0
      objectReference: {fileID: 0}
    - target: {fileID: 400000, guid: 8864a906f2c5a814c8329c41f396b148, type: 3}
      propertyPath: m_LocalRotation.w
      value: 1
      objectReference: {fileID: 0}
    - target: {fileID: 400000, guid: 8864a906f2c5a814c8329c41f396b148, type: 3}
      propertyPath: m_RootOrder
      value: 1
      objectReference: {fileID: 0}
    - target: {fileID: 2300000, guid: 8864a906f2c5a814c8329c41f396b148, type: 3}
      propertyPath: m_Enabled
      value: 0
      objectReference: {fileID: 0}
    m_RemovedComponents: []
  m_SourcePrefab: {fileID: 100100000, guid: 8864a906f2c5a814c8329c41f396b148, type: 3}
--- !u!4 &1442274595 stripped
Transform:
  m_CorrespondingSourceObject: {fileID: 400000, guid: 8864a906f2c5a814c8329c41f396b148,
    type: 3}
  m_PrefabInstance: {fileID: 1441875875}
  m_PrefabAsset: {fileID: 0}
--- !u!1001 &1593939357
PrefabInstance:
  m_ObjectHideFlags: 0
  serializedVersion: 2
  m_Modification:
    m_TransformParent: {fileID: 2107092462}
    m_Modifications:
    - target: {fileID: 439950, guid: ff8cc0a917ea2aa4b9a824a1671a0b2f, type: 3}
      propertyPath: m_LocalPosition.x
      value: 0.29331
      objectReference: {fileID: 0}
    - target: {fileID: 439950, guid: ff8cc0a917ea2aa4b9a824a1671a0b2f, type: 3}
      propertyPath: m_LocalPosition.y
      value: 0.236
      objectReference: {fileID: 0}
    - target: {fileID: 439950, guid: ff8cc0a917ea2aa4b9a824a1671a0b2f, type: 3}
      propertyPath: m_LocalPosition.z
      value: -0.078787
      objectReference: {fileID: 0}
    - target: {fileID: 439950, guid: ff8cc0a917ea2aa4b9a824a1671a0b2f, type: 3}
      propertyPath: m_LocalRotation.x
      value: -0.6282821
      objectReference: {fileID: 0}
    - target: {fileID: 439950, guid: ff8cc0a917ea2aa4b9a824a1671a0b2f, type: 3}
      propertyPath: m_LocalRotation.y
      value: -0.32444042
      objectReference: {fileID: 0}
    - target: {fileID: 439950, guid: ff8cc0a917ea2aa4b9a824a1671a0b2f, type: 3}
      propertyPath: m_LocalRotation.z
      value: -0.3244401
      objectReference: {fileID: 0}
    - target: {fileID: 439950, guid: ff8cc0a917ea2aa4b9a824a1671a0b2f, type: 3}
      propertyPath: m_LocalRotation.w
      value: 0.62828237
      objectReference: {fileID: 0}
    - target: {fileID: 439950, guid: ff8cc0a917ea2aa4b9a824a1671a0b2f, type: 3}
      propertyPath: m_RootOrder
      value: 2
      objectReference: {fileID: 0}
    - target: {fileID: 439950, guid: ff8cc0a917ea2aa4b9a824a1671a0b2f, type: 3}
      propertyPath: m_LocalScale.x
      value: 0.007844935
      objectReference: {fileID: 0}
    - target: {fileID: 439950, guid: ff8cc0a917ea2aa4b9a824a1671a0b2f, type: 3}
      propertyPath: m_LocalScale.y
      value: 0.007844931
      objectReference: {fileID: 0}
    - target: {fileID: 439950, guid: ff8cc0a917ea2aa4b9a824a1671a0b2f, type: 3}
      propertyPath: m_LocalScale.z
      value: 0.007844932
      objectReference: {fileID: 0}
    - target: {fileID: 439950, guid: ff8cc0a917ea2aa4b9a824a1671a0b2f, type: 3}
      propertyPath: m_LocalEulerAnglesHint.x
      value: -90.00001
      objectReference: {fileID: 0}
    - target: {fileID: 439950, guid: ff8cc0a917ea2aa4b9a824a1671a0b2f, type: 3}
      propertyPath: m_LocalEulerAnglesHint.z
      value: -54.623
      objectReference: {fileID: 0}
    - target: {fileID: 2396836, guid: ff8cc0a917ea2aa4b9a824a1671a0b2f, type: 3}
      propertyPath: m_Enabled
      value: 0
      objectReference: {fileID: 0}
    m_RemovedComponents: []
  m_SourcePrefab: {fileID: 100100000, guid: ff8cc0a917ea2aa4b9a824a1671a0b2f, type: 3}
--- !u!4 &1594303251 stripped
Transform:
  m_CorrespondingSourceObject: {fileID: 439950, guid: ff8cc0a917ea2aa4b9a824a1671a0b2f,
    type: 3}
  m_PrefabInstance: {fileID: 1593939357}
  m_PrefabAsset: {fileID: 0}
--- !u!1001 &1769471647
PrefabInstance:
  m_ObjectHideFlags: 0
  serializedVersion: 2
  m_Modification:
    m_TransformParent: {fileID: 2107092462}
    m_Modifications:
    - target: {fileID: 4056631433067114, guid: c9bb692f8b5490743a59d75a7995b81c, type: 3}
      propertyPath: m_LocalPosition.x
      value: 0.212
      objectReference: {fileID: 0}
    - target: {fileID: 4056631433067114, guid: c9bb692f8b5490743a59d75a7995b81c, type: 3}
      propertyPath: m_LocalPosition.y
      value: 0.215
      objectReference: {fileID: 0}
    - target: {fileID: 4056631433067114, guid: c9bb692f8b5490743a59d75a7995b81c, type: 3}
      propertyPath: m_LocalPosition.z
      value: -0.329
      objectReference: {fileID: 0}
    - target: {fileID: 4056631433067114, guid: c9bb692f8b5490743a59d75a7995b81c, type: 3}
      propertyPath: m_LocalRotation.x
      value: 0
      objectReference: {fileID: 0}
    - target: {fileID: 4056631433067114, guid: c9bb692f8b5490743a59d75a7995b81c, type: 3}
      propertyPath: m_LocalRotation.y
      value: 0
      objectReference: {fileID: 0}
    - target: {fileID: 4056631433067114, guid: c9bb692f8b5490743a59d75a7995b81c, type: 3}
      propertyPath: m_LocalRotation.z
      value: 0
      objectReference: {fileID: 0}
    - target: {fileID: 4056631433067114, guid: c9bb692f8b5490743a59d75a7995b81c, type: 3}
      propertyPath: m_LocalRotation.w
      value: 1
      objectReference: {fileID: 0}
    - target: {fileID: 4056631433067114, guid: c9bb692f8b5490743a59d75a7995b81c, type: 3}
      propertyPath: m_RootOrder
      value: 0
      objectReference: {fileID: 0}
    - target: {fileID: 4056631433067114, guid: c9bb692f8b5490743a59d75a7995b81c, type: 3}
      propertyPath: m_LocalScale.x
      value: 0.04213747
      objectReference: {fileID: 0}
    - target: {fileID: 4056631433067114, guid: c9bb692f8b5490743a59d75a7995b81c, type: 3}
      propertyPath: m_LocalScale.y
      value: 0.04213747
      objectReference: {fileID: 0}
    - target: {fileID: 4056631433067114, guid: c9bb692f8b5490743a59d75a7995b81c, type: 3}
      propertyPath: m_LocalScale.z
      value: 0.04213747
      objectReference: {fileID: 0}
    - target: {fileID: 23772591389640614, guid: c9bb692f8b5490743a59d75a7995b81c,
        type: 3}
      propertyPath: m_Enabled
      value: 0
      objectReference: {fileID: 0}
    m_RemovedComponents: []
  m_SourcePrefab: {fileID: 100100000, guid: c9bb692f8b5490743a59d75a7995b81c, type: 3}
--- !u!4 &4056632899831029 stripped
Transform:
  m_CorrespondingSourceObject: {fileID: 4056631433067114, guid: c9bb692f8b5490743a59d75a7995b81c,
    type: 3}
  m_PrefabInstance: {fileID: 1769471647}
  m_PrefabAsset: {fileID: 0}
--- !u!1001 &1775546279
PrefabInstance:
  m_ObjectHideFlags: 0
  serializedVersion: 2
  m_Modification:
    m_TransformParent: {fileID: 2107092462}
    m_Modifications:
    - target: {fileID: 1991322978864050, guid: c9bb692f8b5490743a59d75a7995b81c, type: 3}
      propertyPath: m_Name
      value: SNature_LiliPad (6)
      objectReference: {fileID: 0}
    - target: {fileID: 4056631433067114, guid: c9bb692f8b5490743a59d75a7995b81c, type: 3}
      propertyPath: m_LocalPosition.x
      value: 0.393
      objectReference: {fileID: 0}
    - target: {fileID: 4056631433067114, guid: c9bb692f8b5490743a59d75a7995b81c, type: 3}
      propertyPath: m_LocalPosition.y
      value: 0.215
      objectReference: {fileID: 0}
    - target: {fileID: 4056631433067114, guid: c9bb692f8b5490743a59d75a7995b81c, type: 3}
      propertyPath: m_LocalPosition.z
      value: 0.2
      objectReference: {fileID: 0}
    - target: {fileID: 4056631433067114, guid: c9bb692f8b5490743a59d75a7995b81c, type: 3}
      propertyPath: m_LocalRotation.x
      value: -0
      objectReference: {fileID: 0}
    - target: {fileID: 4056631433067114, guid: c9bb692f8b5490743a59d75a7995b81c, type: 3}
      propertyPath: m_LocalRotation.y
      value: 0.68666995
      objectReference: {fileID: 0}
    - target: {fileID: 4056631433067114, guid: c9bb692f8b5490743a59d75a7995b81c, type: 3}
      propertyPath: m_LocalRotation.z
      value: -0
      objectReference: {fileID: 0}
    - target: {fileID: 4056631433067114, guid: c9bb692f8b5490743a59d75a7995b81c, type: 3}
      propertyPath: m_LocalRotation.w
      value: 0.7269693
      objectReference: {fileID: 0}
    - target: {fileID: 4056631433067114, guid: c9bb692f8b5490743a59d75a7995b81c, type: 3}
      propertyPath: m_RootOrder
      value: 8
      objectReference: {fileID: 0}
    - target: {fileID: 4056631433067114, guid: c9bb692f8b5490743a59d75a7995b81c, type: 3}
      propertyPath: m_LocalScale.x
      value: 0.027239995
      objectReference: {fileID: 0}
    - target: {fileID: 4056631433067114, guid: c9bb692f8b5490743a59d75a7995b81c, type: 3}
      propertyPath: m_LocalScale.y
      value: 0.027239999
      objectReference: {fileID: 0}
    - target: {fileID: 4056631433067114, guid: c9bb692f8b5490743a59d75a7995b81c, type: 3}
      propertyPath: m_LocalScale.z
      value: 0.027239995
      objectReference: {fileID: 0}
    - target: {fileID: 4056631433067114, guid: c9bb692f8b5490743a59d75a7995b81c, type: 3}
      propertyPath: m_LocalEulerAnglesHint.y
      value: 86.734
      objectReference: {fileID: 0}
    - target: {fileID: 23772591389640614, guid: c9bb692f8b5490743a59d75a7995b81c,
        type: 3}
      propertyPath: m_Enabled
      value: 0
      objectReference: {fileID: 0}
    m_RemovedComponents: []
  m_SourcePrefab: {fileID: 100100000, guid: c9bb692f8b5490743a59d75a7995b81c, type: 3}
--- !u!4 &4056632889300429 stripped
Transform:
  m_CorrespondingSourceObject: {fileID: 4056631433067114, guid: c9bb692f8b5490743a59d75a7995b81c,
    type: 3}
  m_PrefabInstance: {fileID: 1775546279}
  m_PrefabAsset: {fileID: 0}
--- !u!1001 &2044979965
PrefabInstance:
  m_ObjectHideFlags: 0
  serializedVersion: 2
  m_Modification:
    m_TransformParent: {fileID: 2107092462}
    m_Modifications:
    - target: {fileID: 1991322978864050, guid: c9bb692f8b5490743a59d75a7995b81c, type: 3}
      propertyPath: m_Name
      value: SNature_LiliPad (7)
      objectReference: {fileID: 0}
    - target: {fileID: 4056631433067114, guid: c9bb692f8b5490743a59d75a7995b81c, type: 3}
      propertyPath: m_LocalPosition.x
      value: -0.003000021
      objectReference: {fileID: 0}
    - target: {fileID: 4056631433067114, guid: c9bb692f8b5490743a59d75a7995b81c, type: 3}
      propertyPath: m_LocalPosition.y
      value: 0.215
      objectReference: {fileID: 0}
    - target: {fileID: 4056631433067114, guid: c9bb692f8b5490743a59d75a7995b81c, type: 3}
      propertyPath: m_LocalPosition.z
      value: 0.419
      objectReference: {fileID: 0}
    - target: {fileID: 4056631433067114, guid: c9bb692f8b5490743a59d75a7995b81c, type: 3}
      propertyPath: m_LocalRotation.x
      value: -0
      objectReference: {fileID: 0}
    - target: {fileID: 4056631433067114, guid: c9bb692f8b5490743a59d75a7995b81c, type: 3}
      propertyPath: m_LocalRotation.y
      value: -0
      objectReference: {fileID: 0}
    - target: {fileID: 4056631433067114, guid: c9bb692f8b5490743a59d75a7995b81c, type: 3}
      propertyPath: m_LocalRotation.z
      value: -0
      objectReference: {fileID: 0}
    - target: {fileID: 4056631433067114, guid: c9bb692f8b5490743a59d75a7995b81c, type: 3}
      propertyPath: m_LocalRotation.w
      value: 1
      objectReference: {fileID: 0}
    - target: {fileID: 4056631433067114, guid: c9bb692f8b5490743a59d75a7995b81c, type: 3}
      propertyPath: m_RootOrder
      value: 9
      objectReference: {fileID: 0}
    - target: {fileID: 4056631433067114, guid: c9bb692f8b5490743a59d75a7995b81c, type: 3}
      propertyPath: m_LocalScale.x
      value: 0.04214
      objectReference: {fileID: 0}
    - target: {fileID: 4056631433067114, guid: c9bb692f8b5490743a59d75a7995b81c, type: 3}
      propertyPath: m_LocalScale.y
      value: 0.04214
      objectReference: {fileID: 0}
    - target: {fileID: 4056631433067114, guid: c9bb692f8b5490743a59d75a7995b81c, type: 3}
      propertyPath: m_LocalScale.z
      value: 0.04214
      objectReference: {fileID: 0}
    - target: {fileID: 23772591389640614, guid: c9bb692f8b5490743a59d75a7995b81c,
        type: 3}
      propertyPath: m_Enabled
      value: 0
      objectReference: {fileID: 0}
    m_RemovedComponents: []
  m_SourcePrefab: {fileID: 100100000, guid: c9bb692f8b5490743a59d75a7995b81c, type: 3}
--- !u!4 &4056632622223511 stripped
Transform:
  m_CorrespondingSourceObject: {fileID: 4056631433067114, guid: c9bb692f8b5490743a59d75a7995b81c,
    type: 3}
  m_PrefabInstance: {fileID: 2044979965}
  m_PrefabAsset: {fileID: 0}
