%YAML 1.1
%TAG !u! tag:unity3d.com,2011:
--- !u!1 &8610156854559833770
GameObject:
  m_ObjectHideFlags: 0
  m_CorrespondingSourceObject: {fileID: 0}
  m_PrefabInstance: {fileID: 0}
  m_PrefabAsset: {fileID: 0}
  serializedVersion: 6
  m_Component:
  - component: {fileID: 6698317843453289902}
  m_Layer: 0
  m_Name: Tala 1
  m_TagString: Untagged
  m_Icon: {fileID: 0}
  m_NavMeshLayer: 0
  m_StaticEditorFlags: 0
  m_IsActive: 1
--- !u!4 &6698317843453289902
Transform:
  m_ObjectHideFlags: 0
  m_CorrespondingSourceObject: {fileID: 0}
  m_PrefabInstance: {fileID: 0}
  m_PrefabAsset: {fileID: 0}
  m_GameObject: {fileID: 8610156854559833770}
  m_LocalRotation: {x: 0, y: -0, z: -0, w: 1}
  m_LocalPosition: {x: 3, y: 0, z: 0}
  m_LocalScale: {x: 1, y: 1, z: 1}
  m_Children:
  - {fileID: 6698317842502913760}
  - {fileID: 6693795736303885089}
  - {fileID: 6693795737201874401}
  - {fileID: 6693795737041231937}
  - {fileID: 6693795735959399332}
  m_Father: {fileID: 0}
  m_RootOrder: 0
  m_LocalEulerAnglesHint: {x: 0, y: 0, z: 0}
--- !u!1001 &6698317842502784096
PrefabInstance:
  m_ObjectHideFlags: 0
  serializedVersion: 2
  m_Modification:
    m_TransformParent: {fileID: 6698317843453289902}
    m_Modifications:
    - target: {fileID: 400000, guid: 33402c7be1d334e4ca6727402135ab21, type: 3}
      propertyPath: m_LocalPosition.x
      value: -0.015
      objectReference: {fileID: 0}
    - target: {fileID: 400000, guid: 33402c7be1d334e4ca6727402135ab21, type: 3}
      propertyPath: m_LocalPosition.y
      value: -0.010322
      objectReference: {fileID: 0}
    - target: {fileID: 400000, guid: 33402c7be1d334e4ca6727402135ab21, type: 3}
      propertyPath: m_LocalPosition.z
      value: 0.037
      objectReference: {fileID: 0}
    - target: {fileID: 400000, guid: 33402c7be1d334e4ca6727402135ab21, type: 3}
      propertyPath: m_LocalRotation.x
      value: -0
      objectReference: {fileID: 0}
    - target: {fileID: 400000, guid: 33402c7be1d334e4ca6727402135ab21, type: 3}
      propertyPath: m_LocalRotation.y
      value: -0.09922136
      objectReference: {fileID: 0}
    - target: {fileID: 400000, guid: 33402c7be1d334e4ca6727402135ab21, type: 3}
      propertyPath: m_LocalRotation.z
      value: -0
      objectReference: {fileID: 0}
    - target: {fileID: 400000, guid: 33402c7be1d334e4ca6727402135ab21, type: 3}
      propertyPath: m_LocalRotation.w
      value: 0.9950654
      objectReference: {fileID: 0}
    - target: {fileID: 400000, guid: 33402c7be1d334e4ca6727402135ab21, type: 3}
      propertyPath: m_RootOrder
      value: 0
      objectReference: {fileID: 0}
    - target: {fileID: 400000, guid: 33402c7be1d334e4ca6727402135ab21, type: 3}
      propertyPath: m_LocalEulerAnglesHint.y
      value: -11.389001
      objectReference: {fileID: 0}
    - target: {fileID: 400000, guid: 33402c7be1d334e4ca6727402135ab21, type: 3}
      propertyPath: m_LocalScale.x
      value: 1.0471547
      objectReference: {fileID: 0}
    - target: {fileID: 400000, guid: 33402c7be1d334e4ca6727402135ab21, type: 3}
      propertyPath: m_LocalScale.y
      value: 1.0471547
      objectReference: {fileID: 0}
    - target: {fileID: 400000, guid: 33402c7be1d334e4ca6727402135ab21, type: 3}
      propertyPath: m_LocalScale.z
      value: 1.0471547
      objectReference: {fileID: 0}
    m_RemovedComponents: []
  m_SourcePrefab: {fileID: 100100000, guid: 33402c7be1d334e4ca6727402135ab21, type: 3}
--- !u!4 &6698317842502913760 stripped
Transform:
  m_CorrespondingSourceObject: {fileID: 400000, guid: 33402c7be1d334e4ca6727402135ab21,
    type: 3}
  m_PrefabInstance: {fileID: 6698317842502784096}
  m_PrefabAsset: {fileID: 0}
--- !u!1001 &6698317842570283356
PrefabInstance:
  m_ObjectHideFlags: 0
  serializedVersion: 2
  m_Modification:
    m_TransformParent: {fileID: 6698317843453289902}
    m_Modifications:
    - target: {fileID: 1806273466138086, guid: 065211b13cf2c0b45a7ad739ba6e8cc2, type: 3}
      propertyPath: m_Name
      value: SNature_Grass (3)
      objectReference: {fileID: 0}
    - target: {fileID: 4529262592942840, guid: 065211b13cf2c0b45a7ad739ba6e8cc2, type: 3}
      propertyPath: m_LocalPosition.x
      value: -0.12944007
      objectReference: {fileID: 0}
    - target: {fileID: 4529262592942840, guid: 065211b13cf2c0b45a7ad739ba6e8cc2, type: 3}
      propertyPath: m_LocalPosition.y
      value: 0.17700002
      objectReference: {fileID: 0}
    - target: {fileID: 4529262592942840, guid: 065211b13cf2c0b45a7ad739ba6e8cc2, type: 3}
      propertyPath: m_LocalPosition.z
      value: -0.11100003
      objectReference: {fileID: 0}
    - target: {fileID: 4529262592942840, guid: 065211b13cf2c0b45a7ad739ba6e8cc2, type: 3}
      propertyPath: m_LocalRotation.x
      value: -0
      objectReference: {fileID: 0}
    - target: {fileID: 4529262592942840, guid: 065211b13cf2c0b45a7ad739ba6e8cc2, type: 3}
      propertyPath: m_LocalRotation.y
      value: -0
      objectReference: {fileID: 0}
    - target: {fileID: 4529262592942840, guid: 065211b13cf2c0b45a7ad739ba6e8cc2, type: 3}
      propertyPath: m_LocalRotation.z
      value: -0
      objectReference: {fileID: 0}
    - target: {fileID: 4529262592942840, guid: 065211b13cf2c0b45a7ad739ba6e8cc2, type: 3}
      propertyPath: m_LocalRotation.w
      value: 1
      objectReference: {fileID: 0}
    - target: {fileID: 4529262592942840, guid: 065211b13cf2c0b45a7ad739ba6e8cc2, type: 3}
      propertyPath: m_RootOrder
      value: 4
      objectReference: {fileID: 0}
    - target: {fileID: 4529262592942840, guid: 065211b13cf2c0b45a7ad739ba6e8cc2, type: 3}
      propertyPath: m_LocalScale.x
      value: 0.15252
      objectReference: {fileID: 0}
    - target: {fileID: 4529262592942840, guid: 065211b13cf2c0b45a7ad739ba6e8cc2, type: 3}
      propertyPath: m_LocalScale.y
      value: 0.15252
      objectReference: {fileID: 0}
    - target: {fileID: 4529262592942840, guid: 065211b13cf2c0b45a7ad739ba6e8cc2, type: 3}
      propertyPath: m_LocalScale.z
      value: 0.15252
      objectReference: {fileID: 0}
    m_RemovedComponents: []
  m_SourcePrefab: {fileID: 100100000, guid: 065211b13cf2c0b45a7ad739ba6e8cc2, type: 3}
--- !u!4 &6693795735959399332 stripped
Transform:
  m_CorrespondingSourceObject: {fileID: 4529262592942840, guid: 065211b13cf2c0b45a7ad739ba6e8cc2,
    type: 3}
  m_PrefabInstance: {fileID: 6698317842570283356}
  m_PrefabAsset: {fileID: 0}
--- !u!1001 &6698317843300661721
PrefabInstance:
  m_ObjectHideFlags: 0
  serializedVersion: 2
  m_Modification:
    m_TransformParent: {fileID: 6698317843453289902}
    m_Modifications:
    - target: {fileID: 4529262592942840, guid: 065211b13cf2c0b45a7ad739ba6e8cc2, type: 3}
      propertyPath: m_LocalPosition.x
      value: 0.090999976
      objectReference: {fileID: 0}
    - target: {fileID: 4529262592942840, guid: 065211b13cf2c0b45a7ad739ba6e8cc2, type: 3}
      propertyPath: m_LocalPosition.y
      value: 0.17700002
      objectReference: {fileID: 0}
    - target: {fileID: 4529262592942840, guid: 065211b13cf2c0b45a7ad739ba6e8cc2, type: 3}
      propertyPath: m_LocalPosition.z
      value: 0.22020298
      objectReference: {fileID: 0}
    - target: {fileID: 4529262592942840, guid: 065211b13cf2c0b45a7ad739ba6e8cc2, type: 3}
      propertyPath: m_LocalRotation.x
      value: 0
      objectReference: {fileID: 0}
    - target: {fileID: 4529262592942840, guid: 065211b13cf2c0b45a7ad739ba6e8cc2, type: 3}
      propertyPath: m_LocalRotation.y
      value: 0
      objectReference: {fileID: 0}
    - target: {fileID: 4529262592942840, guid: 065211b13cf2c0b45a7ad739ba6e8cc2, type: 3}
      propertyPath: m_LocalRotation.z
      value: 0
      objectReference: {fileID: 0}
    - target: {fileID: 4529262592942840, guid: 065211b13cf2c0b45a7ad739ba6e8cc2, type: 3}
      propertyPath: m_LocalRotation.w
      value: 1
      objectReference: {fileID: 0}
    - target: {fileID: 4529262592942840, guid: 065211b13cf2c0b45a7ad739ba6e8cc2, type: 3}
      propertyPath: m_RootOrder
      value: 1
      objectReference: {fileID: 0}
    - target: {fileID: 4529262592942840, guid: 065211b13cf2c0b45a7ad739ba6e8cc2, type: 3}
      propertyPath: m_LocalScale.x
      value: 0.15252136
      objectReference: {fileID: 0}
    - target: {fileID: 4529262592942840, guid: 065211b13cf2c0b45a7ad739ba6e8cc2, type: 3}
      propertyPath: m_LocalScale.y
      value: 0.15252136
      objectReference: {fileID: 0}
    - target: {fileID: 4529262592942840, guid: 065211b13cf2c0b45a7ad739ba6e8cc2, type: 3}
      propertyPath: m_LocalScale.z
      value: 0.15252136
      objectReference: {fileID: 0}
    m_RemovedComponents: []
  m_SourcePrefab: {fileID: 100100000, guid: 065211b13cf2c0b45a7ad739ba6e8cc2, type: 3}
--- !u!4 &6693795736303885089 stripped
Transform:
  m_CorrespondingSourceObject: {fileID: 4529262592942840, guid: 065211b13cf2c0b45a7ad739ba6e8cc2,
    type: 3}
  m_PrefabInstance: {fileID: 6698317843300661721}
  m_PrefabAsset: {fileID: 0}
--- !u!1001 &6698317843475429145
PrefabInstance:
  m_ObjectHideFlags: 0
  serializedVersion: 2
  m_Modification:
    m_TransformParent: {fileID: 6698317843453289902}
    m_Modifications:
    - target: {fileID: 1806273466138086, guid: 065211b13cf2c0b45a7ad739ba6e8cc2, type: 3}
      propertyPath: m_Name
      value: SNature_Grass (1)
      objectReference: {fileID: 0}
    - target: {fileID: 4529262592942840, guid: 065211b13cf2c0b45a7ad739ba6e8cc2, type: 3}
      propertyPath: m_LocalPosition.x
      value: 0.091
      objectReference: {fileID: 0}
    - target: {fileID: 4529262592942840, guid: 065211b13cf2c0b45a7ad739ba6e8cc2, type: 3}
      propertyPath: m_LocalPosition.y
      value: 0.177
      objectReference: {fileID: 0}
    - target: {fileID: 4529262592942840, guid: 065211b13cf2c0b45a7ad739ba6e8cc2, type: 3}
      propertyPath: m_LocalPosition.z
      value: -0.077
      objectReference: {fileID: 0}
    - target: {fileID: 4529262592942840, guid: 065211b13cf2c0b45a7ad739ba6e8cc2, type: 3}
      propertyPath: m_LocalRotation.x
      value: -0
      objectReference: {fileID: 0}
    - target: {fileID: 4529262592942840, guid: 065211b13cf2c0b45a7ad739ba6e8cc2, type: 3}
      propertyPath: m_LocalRotation.y
      value: -0
      objectReference: {fileID: 0}
    - target: {fileID: 4529262592942840, guid: 065211b13cf2c0b45a7ad739ba6e8cc2, type: 3}
      propertyPath: m_LocalRotation.z
      value: -0
      objectReference: {fileID: 0}
    - target: {fileID: 4529262592942840, guid: 065211b13cf2c0b45a7ad739ba6e8cc2, type: 3}
      propertyPath: m_LocalRotation.w
      value: 1
      objectReference: {fileID: 0}
    - target: {fileID: 4529262592942840, guid: 065211b13cf2c0b45a7ad739ba6e8cc2, type: 3}
      propertyPath: m_RootOrder
      value: 2
      objectReference: {fileID: 0}
    - target: {fileID: 4529262592942840, guid: 065211b13cf2c0b45a7ad739ba6e8cc2, type: 3}
      propertyPath: m_LocalScale.x
      value: 0.15252
      objectReference: {fileID: 0}
    - target: {fileID: 4529262592942840, guid: 065211b13cf2c0b45a7ad739ba6e8cc2, type: 3}
      propertyPath: m_LocalScale.y
      value: 0.15252
      objectReference: {fileID: 0}
    - target: {fileID: 4529262592942840, guid: 065211b13cf2c0b45a7ad739ba6e8cc2, type: 3}
      propertyPath: m_LocalScale.z
      value: 0.15252
      objectReference: {fileID: 0}
    m_RemovedComponents: []
  m_SourcePrefab: {fileID: 100100000, guid: 065211b13cf2c0b45a7ad739ba6e8cc2, type: 3}
--- !u!4 &6693795737201874401 stripped
Transform:
  m_CorrespondingSourceObject: {fileID: 4529262592942840, guid: 065211b13cf2c0b45a7ad739ba6e8cc2,
    type: 3}
  m_PrefabInstance: {fileID: 6698317843475429145}
  m_PrefabAsset: {fileID: 0}
--- !u!1001 &6698317843637699257
PrefabInstance:
  m_ObjectHideFlags: 0
  serializedVersion: 2
  m_Modification:
    m_TransformParent: {fileID: 6698317843453289902}
    m_Modifications:
    - target: {fileID: 1806273466138086, guid: 065211b13cf2c0b45a7ad739ba6e8cc2, type: 3}
      propertyPath: m_Name
      value: SNature_Grass (2)
      objectReference: {fileID: 0}
    - target: {fileID: 4529262592942840, guid: 065211b13cf2c0b45a7ad739ba6e8cc2, type: 3}
      propertyPath: m_LocalPosition.x
      value: -0.12944002
      objectReference: {fileID: 0}
    - target: {fileID: 4529262592942840, guid: 065211b13cf2c0b45a7ad739ba6e8cc2, type: 3}
      propertyPath: m_LocalPosition.y
      value: 0.17700002
      objectReference: {fileID: 0}
    - target: {fileID: 4529262592942840, guid: 065211b13cf2c0b45a7ad739ba6e8cc2, type: 3}
      propertyPath: m_LocalPosition.z
      value: 0.22020298
      objectReference: {fileID: 0}
    - target: {fileID: 4529262592942840, guid: 065211b13cf2c0b45a7ad739ba6e8cc2, type: 3}
      propertyPath: m_LocalRotation.x
      value: -0
      objectReference: {fileID: 0}
    - target: {fileID: 4529262592942840, guid: 065211b13cf2c0b45a7ad739ba6e8cc2, type: 3}
      propertyPath: m_LocalRotation.y
      value: -0
      objectReference: {fileID: 0}
    - target: {fileID: 4529262592942840, guid: 065211b13cf2c0b45a7ad739ba6e8cc2, type: 3}
      propertyPath: m_LocalRotation.z
      value: -0
      objectReference: {fileID: 0}
    - target: {fileID: 4529262592942840, guid: 065211b13cf2c0b45a7ad739ba6e8cc2, type: 3}
      propertyPath: m_LocalRotation.w
      value: 1
      objectReference: {fileID: 0}
    - target: {fileID: 4529262592942840, guid: 065211b13cf2c0b45a7ad739ba6e8cc2, type: 3}
      propertyPath: m_RootOrder
      value: 3
      objectReference: {fileID: 0}
    - target: {fileID: 4529262592942840, guid: 065211b13cf2c0b45a7ad739ba6e8cc2, type: 3}
      propertyPath: m_LocalScale.x
      value: 0.15252
      objectReference: {fileID: 0}
    - target: {fileID: 4529262592942840, guid: 065211b13cf2c0b45a7ad739ba6e8cc2, type: 3}
      propertyPath: m_LocalScale.y
      value: 0.15252
      objectReference: {fileID: 0}
    - target: {fileID: 4529262592942840, guid: 065211b13cf2c0b45a7ad739ba6e8cc2, type: 3}
      propertyPath: m_LocalScale.z
      value: 0.15252
      objectReference: {fileID: 0}
    m_RemovedComponents: []
  m_SourcePrefab: {fileID: 100100000, guid: 065211b13cf2c0b45a7ad739ba6e8cc2, type: 3}
--- !u!4 &6693795737041231937 stripped
Transform:
  m_CorrespondingSourceObject: {fileID: 4529262592942840, guid: 065211b13cf2c0b45a7ad739ba6e8cc2,
    type: 3}
  m_PrefabInstance: {fileID: 6698317843637699257}
  m_PrefabAsset: {fileID: 0}
