%YAML 1.1
%TAG !u! tag:unity3d.com,2011:
--- !u!29 &1
OcclusionCullingSettings:
  m_ObjectHideFlags: 0
  serializedVersion: 2
  m_OcclusionBakeSettings:
    smallestOccluder: 5
    smallestHole: 0.25
    backfaceThreshold: 100
  m_SceneGUID: 00000000000000000000000000000000
  m_OcclusionCullingData: {fileID: 0}
--- !u!104 &2
RenderSettings:
  m_ObjectHideFlags: 0
  serializedVersion: 9
  m_Fog: 1
  m_FogColor: {r: 0.5, g: 0.5, b: 0.5, a: 1}
  m_FogMode: 3
  m_FogDensity: 0
  m_LinearFogStart: 0
  m_LinearFogEnd: 300
  m_AmbientSkyColor: {r: 0.212, g: 0.227, b: 0.259, a: 1}
  m_AmbientEquatorColor: {r: 0.114, g: 0.125, b: 0.133, a: 1}
  m_AmbientGroundColor: {r: 0.047, g: 0.043, b: 0.035, a: 1}
  m_AmbientIntensity: 1
  m_AmbientMode: 0
  m_SubtractiveShadowColor: {r: 0.42, g: 0.478, b: 0.627, a: 1}
  m_SkyboxMaterial: {fileID: 10304, guid: 0000000000000000f000000000000000, type: 0}
  m_HaloStrength: 0.5
  m_FlareStrength: 1
  m_FlareFadeSpeed: 3
  m_HaloTexture: {fileID: 0}
  m_SpotCookie: {fileID: 10001, guid: 0000000000000000e000000000000000, type: 0}
  m_DefaultReflectionMode: 0
  m_DefaultReflectionResolution: 128
  m_ReflectionBounces: 1
  m_ReflectionIntensity: 1
  m_CustomReflection: {fileID: 0}
  m_Sun: {fileID: 0}
  m_IndirectSpecularColor: {r: 0.18028378, g: 0.22571412, b: 0.30692285, a: 1}
  m_UseRadianceAmbientProbe: 0
--- !u!157 &3
LightmapSettings:
  m_ObjectHideFlags: 0
  serializedVersion: 11
  m_GIWorkflowMode: 0
  m_GISettings:
    serializedVersion: 2
    m_BounceScale: 1
    m_IndirectOutputScale: 1
    m_AlbedoBoost: 1
    m_EnvironmentLightingMode: 0
    m_EnableBakedLightmaps: 1
    m_EnableRealtimeLightmaps: 1
  m_LightmapEditorSettings:
    serializedVersion: 10
    m_Resolution: 2
    m_BakeResolution: 40
    m_AtlasSize: 1024
    m_AO: 0
    m_AOMaxDistance: 1
    m_CompAOExponent: 0
    m_CompAOExponentDirect: 0
    m_Padding: 2
    m_LightmapParameters: {fileID: 0}
    m_LightmapsBakeMode: 1
    m_TextureCompression: 1
    m_FinalGather: 0
    m_FinalGatherFiltering: 1
    m_FinalGatherRayCount: 1024
    m_ReflectionCompression: 2
    m_MixedBakeMode: 1
    m_BakeBackend: 0
    m_PVRSampling: 1
    m_PVRDirectSampleCount: 32
    m_PVRSampleCount: 500
    m_PVRBounces: 2
    m_PVRFilterTypeDirect: 0
    m_PVRFilterTypeIndirect: 0
    m_PVRFilterTypeAO: 0
    m_PVRFilteringMode: 1
    m_PVRCulling: 1
    m_PVRFilteringGaussRadiusDirect: 1
    m_PVRFilteringGaussRadiusIndirect: 5
    m_PVRFilteringGaussRadiusAO: 2
    m_PVRFilteringAtrousPositionSigmaDirect: 0.5
    m_PVRFilteringAtrousPositionSigmaIndirect: 2
    m_PVRFilteringAtrousPositionSigmaAO: 1
    m_ShowResolutionOverlay: 1
  m_LightingDataAsset: {fileID: 0}
  m_UseShadowmask: 0
--- !u!196 &4
NavMeshSettings:
  serializedVersion: 2
  m_ObjectHideFlags: 0
  m_BuildSettings:
    serializedVersion: 2
    agentTypeID: 0
    agentRadius: 0.5
    agentHeight: 2
    agentSlope: 45
    agentClimb: 0.4
    ledgeDropHeight: 0
    maxJumpAcrossDistance: 0
    minRegionArea: 2
    manualCellSize: 0
    cellSize: 0.16666667
    manualTileSize: 0
    tileSize: 256
    accuratePlacement: 0
    debug:
      m_Flags: 0
  m_NavMeshData: {fileID: 0}
--- !u!1001 &449442340
PrefabInstance:
  m_ObjectHideFlags: 0
  serializedVersion: 2
  m_Modification:
    m_TransformParent: {fileID: 1584426181}
    m_Modifications:
    - target: {fileID: 1333197813094077004, guid: a5072740692bde14c9d927b0813384ca,
        type: 3}
      propertyPath: m_Name
      value: CellTimer
      objectReference: {fileID: 0}
    - target: {fileID: 825973850929636878, guid: a5072740692bde14c9d927b0813384ca,
        type: 3}
      propertyPath: m_LocalPosition.x
      value: 0
      objectReference: {fileID: 0}
    - target: {fileID: 825973850929636878, guid: a5072740692bde14c9d927b0813384ca,
        type: 3}
      propertyPath: m_LocalPosition.y
      value: 0
      objectReference: {fileID: 0}
    - target: {fileID: 825973850929636878, guid: a5072740692bde14c9d927b0813384ca,
        type: 3}
      propertyPath: m_LocalPosition.z
      value: 0
      objectReference: {fileID: 0}
    - target: {fileID: 825973850929636878, guid: a5072740692bde14c9d927b0813384ca,
        type: 3}
      propertyPath: m_LocalRotation.x
      value: -0
      objectReference: {fileID: 0}
    - target: {fileID: 825973850929636878, guid: a5072740692bde14c9d927b0813384ca,
        type: 3}
      propertyPath: m_LocalRotation.y
      value: -0
      objectReference: {fileID: 0}
    - target: {fileID: 825973850929636878, guid: a5072740692bde14c9d927b0813384ca,
        type: 3}
      propertyPath: m_LocalRotation.z
      value: -0
      objectReference: {fileID: 0}
    - target: {fileID: 825973850929636878, guid: a5072740692bde14c9d927b0813384ca,
        type: 3}
      propertyPath: m_LocalRotation.w
      value: 1
      objectReference: {fileID: 0}
    - target: {fileID: 825973850929636878, guid: a5072740692bde14c9d927b0813384ca,
        type: 3}
      propertyPath: m_RootOrder
      value: 2
      objectReference: {fileID: 0}
    - target: {fileID: 825973850929636878, guid: a5072740692bde14c9d927b0813384ca,
        type: 3}
      propertyPath: m_LocalEulerAnglesHint.x
      value: 0
      objectReference: {fileID: 0}
    - target: {fileID: 825973850929636878, guid: a5072740692bde14c9d927b0813384ca,
        type: 3}
      propertyPath: m_LocalEulerAnglesHint.y
      value: 0
      objectReference: {fileID: 0}
    - target: {fileID: 825973850929636878, guid: a5072740692bde14c9d927b0813384ca,
        type: 3}
      propertyPath: m_LocalEulerAnglesHint.z
      value: 0
      objectReference: {fileID: 0}
    - target: {fileID: 825973850929636878, guid: a5072740692bde14c9d927b0813384ca,
        type: 3}
      propertyPath: m_AnchoredPosition.x
      value: -70.5
      objectReference: {fileID: 0}
    - target: {fileID: 825973850929636878, guid: a5072740692bde14c9d927b0813384ca,
        type: 3}
      propertyPath: m_AnchoredPosition.y
      value: 259.5
      objectReference: {fileID: 0}
    - target: {fileID: 825973850929636878, guid: a5072740692bde14c9d927b0813384ca,
        type: 3}
      propertyPath: m_SizeDelta.x
      value: 20
      objectReference: {fileID: 0}
    - target: {fileID: 825973850929636878, guid: a5072740692bde14c9d927b0813384ca,
        type: 3}
      propertyPath: m_SizeDelta.y
      value: 20
      objectReference: {fileID: 0}
    - target: {fileID: 825973850929636878, guid: a5072740692bde14c9d927b0813384ca,
        type: 3}
      propertyPath: m_AnchorMin.x
      value: 0.5
      objectReference: {fileID: 0}
    - target: {fileID: 825973850929636878, guid: a5072740692bde14c9d927b0813384ca,
        type: 3}
      propertyPath: m_AnchorMin.y
      value: 0
      objectReference: {fileID: 0}
    - target: {fileID: 825973850929636878, guid: a5072740692bde14c9d927b0813384ca,
        type: 3}
      propertyPath: m_AnchorMax.x
      value: 0.5
      objectReference: {fileID: 0}
    - target: {fileID: 825973850929636878, guid: a5072740692bde14c9d927b0813384ca,
        type: 3}
      propertyPath: m_AnchorMax.y
      value: 0
      objectReference: {fileID: 0}
    - target: {fileID: 825973850929636878, guid: a5072740692bde14c9d927b0813384ca,
        type: 3}
      propertyPath: m_Pivot.x
      value: 0.5
      objectReference: {fileID: 0}
    - target: {fileID: 825973850929636878, guid: a5072740692bde14c9d927b0813384ca,
        type: 3}
      propertyPath: m_Pivot.y
      value: 0.5
      objectReference: {fileID: 0}
    - target: {fileID: 5814418666845098535, guid: a5072740692bde14c9d927b0813384ca,
        type: 3}
      propertyPath: m_AnchorMin.y
      value: 0
      objectReference: {fileID: 0}
    - target: {fileID: 5814418666845098535, guid: a5072740692bde14c9d927b0813384ca,
        type: 3}
      propertyPath: m_AnchorMax.y
      value: 0
      objectReference: {fileID: 0}
    - target: {fileID: 5814418666845098535, guid: a5072740692bde14c9d927b0813384ca,
        type: 3}
      propertyPath: m_AnchoredPosition.x
      value: 0
      objectReference: {fileID: 0}
    - target: {fileID: 5814418666845098535, guid: a5072740692bde14c9d927b0813384ca,
        type: 3}
      propertyPath: m_AnchoredPosition.y
      value: 0
      objectReference: {fileID: 0}
    - target: {fileID: 5814418666845098535, guid: a5072740692bde14c9d927b0813384ca,
        type: 3}
      propertyPath: m_SizeDelta.x
      value: 0
      objectReference: {fileID: 0}
    - target: {fileID: 5814418666845098535, guid: a5072740692bde14c9d927b0813384ca,
        type: 3}
      propertyPath: m_SizeDelta.y
      value: 0
      objectReference: {fileID: 0}
    - target: {fileID: 1333197812117321961, guid: a5072740692bde14c9d927b0813384ca,
        type: 3}
      propertyPath: m_havePropertiesChanged
      value: 1
      objectReference: {fileID: 0}
    - target: {fileID: 1333197812117321961, guid: a5072740692bde14c9d927b0813384ca,
        type: 3}
      propertyPath: m_isInputParsingRequired
      value: 1
      objectReference: {fileID: 0}
    m_RemovedComponents: []
  m_SourcePrefab: {fileID: 100100000, guid: a5072740692bde14c9d927b0813384ca, type: 3}
--- !u!1001 &965789958
PrefabInstance:
  m_ObjectHideFlags: 0
  serializedVersion: 2
  m_Modification:
    m_TransformParent: {fileID: 0}
    m_Modifications:
    - target: {fileID: 100000, guid: ed54c62206829854c80ac05689efb676, type: 3}
      propertyPath: m_Name
      value: Marco_v3
      objectReference: {fileID: 0}
    - target: {fileID: 400000, guid: ed54c62206829854c80ac05689efb676, type: 3}
      propertyPath: m_LocalPosition.x
      value: 125.7
      objectReference: {fileID: 0}
    - target: {fileID: 400000, guid: ed54c62206829854c80ac05689efb676, type: 3}
      propertyPath: m_LocalPosition.y
      value: 6.42
      objectReference: {fileID: 0}
    - target: {fileID: 400000, guid: ed54c62206829854c80ac05689efb676, type: 3}
      propertyPath: m_LocalPosition.z
      value: 104.3
      objectReference: {fileID: 0}
    - target: {fileID: 400000, guid: ed54c62206829854c80ac05689efb676, type: 3}
      propertyPath: m_LocalRotation.x
      value: 0
      objectReference: {fileID: 0}
    - target: {fileID: 400000, guid: ed54c62206829854c80ac05689efb676, type: 3}
      propertyPath: m_LocalRotation.y
      value: 0
      objectReference: {fileID: 0}
    - target: {fileID: 400000, guid: ed54c62206829854c80ac05689efb676, type: 3}
      propertyPath: m_LocalRotation.z
      value: 0
      objectReference: {fileID: 0}
    - target: {fileID: 400000, guid: ed54c62206829854c80ac05689efb676, type: 3}
      propertyPath: m_LocalRotation.w
      value: 1
      objectReference: {fileID: 0}
    - target: {fileID: 400000, guid: ed54c62206829854c80ac05689efb676, type: 3}
      propertyPath: m_RootOrder
      value: 7
      objectReference: {fileID: 0}
    - target: {fileID: 400000, guid: ed54c62206829854c80ac05689efb676, type: 3}
      propertyPath: m_LocalEulerAnglesHint.x
      value: 0
      objectReference: {fileID: 0}
    - target: {fileID: 400000, guid: ed54c62206829854c80ac05689efb676, type: 3}
      propertyPath: m_LocalEulerAnglesHint.y
      value: 0
      objectReference: {fileID: 0}
    - target: {fileID: 400000, guid: ed54c62206829854c80ac05689efb676, type: 3}
      propertyPath: m_LocalEulerAnglesHint.z
      value: 0
      objectReference: {fileID: 0}
    - target: {fileID: 400000, guid: ed54c62206829854c80ac05689efb676, type: 3}
      propertyPath: m_LocalScale.x
      value: 1295
      objectReference: {fileID: 0}
    - target: {fileID: 400000, guid: ed54c62206829854c80ac05689efb676, type: 3}
      propertyPath: m_LocalScale.y
      value: 1000
      objectReference: {fileID: 0}
    - target: {fileID: 400000, guid: ed54c62206829854c80ac05689efb676, type: 3}
      propertyPath: m_LocalScale.z
      value: 1295
      objectReference: {fileID: 0}
    m_RemovedComponents: []
  m_SourcePrefab: {fileID: 100100000, guid: ed54c62206829854c80ac05689efb676, type: 3}
--- !u!1001 &1248349957
PrefabInstance:
  m_ObjectHideFlags: 0
  serializedVersion: 2
  m_Modification:
    m_TransformParent: {fileID: 0}
    m_Modifications:
    - target: {fileID: 3773618474984761614, guid: d294c880af10e9040b8a89b433e0c0d1,
        type: 3}
      propertyPath: m_Name
      value: General UI
      objectReference: {fileID: 0}
    - target: {fileID: 3773618474984761610, guid: d294c880af10e9040b8a89b433e0c0d1,
        type: 3}
      propertyPath: m_LocalPosition.x
      value: 0
      objectReference: {fileID: 0}
    - target: {fileID: 3773618474984761610, guid: d294c880af10e9040b8a89b433e0c0d1,
        type: 3}
      propertyPath: m_LocalPosition.y
      value: 0
      objectReference: {fileID: 0}
    - target: {fileID: 3773618474984761610, guid: d294c880af10e9040b8a89b433e0c0d1,
        type: 3}
      propertyPath: m_LocalPosition.z
      value: 0
      objectReference: {fileID: 0}
    - target: {fileID: 3773618474984761610, guid: d294c880af10e9040b8a89b433e0c0d1,
        type: 3}
      propertyPath: m_LocalRotation.x
      value: 0
      objectReference: {fileID: 0}
    - target: {fileID: 3773618474984761610, guid: d294c880af10e9040b8a89b433e0c0d1,
        type: 3}
      propertyPath: m_LocalRotation.y
      value: 0
      objectReference: {fileID: 0}
    - target: {fileID: 3773618474984761610, guid: d294c880af10e9040b8a89b433e0c0d1,
        type: 3}
      propertyPath: m_LocalRotation.z
      value: 0
      objectReference: {fileID: 0}
    - target: {fileID: 3773618474984761610, guid: d294c880af10e9040b8a89b433e0c0d1,
        type: 3}
      propertyPath: m_LocalRotation.w
      value: 1
      objectReference: {fileID: 0}
    - target: {fileID: 3773618474984761610, guid: d294c880af10e9040b8a89b433e0c0d1,
        type: 3}
      propertyPath: m_RootOrder
      value: 6
      objectReference: {fileID: 0}
    - target: {fileID: 3773618474984761610, guid: d294c880af10e9040b8a89b433e0c0d1,
        type: 3}
      propertyPath: m_LocalEulerAnglesHint.x
      value: 0
      objectReference: {fileID: 0}
    - target: {fileID: 3773618474984761610, guid: d294c880af10e9040b8a89b433e0c0d1,
        type: 3}
      propertyPath: m_LocalEulerAnglesHint.y
      value: 0
      objectReference: {fileID: 0}
    - target: {fileID: 3773618474984761610, guid: d294c880af10e9040b8a89b433e0c0d1,
        type: 3}
      propertyPath: m_LocalEulerAnglesHint.z
      value: 0
      objectReference: {fileID: 0}
    - target: {fileID: 3773618474984761610, guid: d294c880af10e9040b8a89b433e0c0d1,
        type: 3}
      propertyPath: m_AnchoredPosition.x
      value: 0
      objectReference: {fileID: 0}
    - target: {fileID: 3773618474984761610, guid: d294c880af10e9040b8a89b433e0c0d1,
        type: 3}
      propertyPath: m_AnchoredPosition.y
      value: 0
      objectReference: {fileID: 0}
    - target: {fileID: 3773618474984761610, guid: d294c880af10e9040b8a89b433e0c0d1,
        type: 3}
      propertyPath: m_SizeDelta.x
      value: 0
      objectReference: {fileID: 0}
    - target: {fileID: 3773618474984761610, guid: d294c880af10e9040b8a89b433e0c0d1,
        type: 3}
      propertyPath: m_SizeDelta.y
      value: 0
      objectReference: {fileID: 0}
    - target: {fileID: 3773618474984761610, guid: d294c880af10e9040b8a89b433e0c0d1,
        type: 3}
      propertyPath: m_AnchorMin.x
      value: 0
      objectReference: {fileID: 0}
    - target: {fileID: 3773618474984761610, guid: d294c880af10e9040b8a89b433e0c0d1,
        type: 3}
      propertyPath: m_AnchorMin.y
      value: 0
      objectReference: {fileID: 0}
    - target: {fileID: 3773618474984761610, guid: d294c880af10e9040b8a89b433e0c0d1,
        type: 3}
      propertyPath: m_AnchorMax.x
      value: 0
      objectReference: {fileID: 0}
    - target: {fileID: 3773618474984761610, guid: d294c880af10e9040b8a89b433e0c0d1,
        type: 3}
      propertyPath: m_AnchorMax.y
      value: 0
      objectReference: {fileID: 0}
    - target: {fileID: 3773618474984761610, guid: d294c880af10e9040b8a89b433e0c0d1,
        type: 3}
      propertyPath: m_Pivot.x
      value: 0
      objectReference: {fileID: 0}
    - target: {fileID: 3773618474984761610, guid: d294c880af10e9040b8a89b433e0c0d1,
        type: 3}
      propertyPath: m_Pivot.y
      value: 0
      objectReference: {fileID: 0}
    - target: {fileID: 3773618474984761621, guid: d294c880af10e9040b8a89b433e0c0d1,
        type: 3}
      propertyPath: grid
      value: 
      objectReference: {fileID: 1571186511}
    - target: {fileID: 1713346400669195980, guid: d294c880af10e9040b8a89b433e0c0d1,
        type: 3}
      propertyPath: m_AnchorMin.y
      value: 0
      objectReference: {fileID: 0}
    - target: {fileID: 1713346400669195980, guid: d294c880af10e9040b8a89b433e0c0d1,
        type: 3}
      propertyPath: m_AnchorMax.y
      value: 0
      objectReference: {fileID: 0}
    - target: {fileID: 1713346400669195980, guid: d294c880af10e9040b8a89b433e0c0d1,
        type: 3}
      propertyPath: m_AnchoredPosition.x
      value: 0
      objectReference: {fileID: 0}
    - target: {fileID: 1713346400669195980, guid: d294c880af10e9040b8a89b433e0c0d1,
        type: 3}
      propertyPath: m_AnchoredPosition.y
      value: 0
      objectReference: {fileID: 0}
    - target: {fileID: 1713346400669195980, guid: d294c880af10e9040b8a89b433e0c0d1,
        type: 3}
      propertyPath: m_SizeDelta.x
      value: 0
      objectReference: {fileID: 0}
    - target: {fileID: 1713346400669195980, guid: d294c880af10e9040b8a89b433e0c0d1,
        type: 3}
      propertyPath: m_SizeDelta.y
      value: 0
      objectReference: {fileID: 0}
    - target: {fileID: 1713346400818158024, guid: d294c880af10e9040b8a89b433e0c0d1,
        type: 3}
      propertyPath: m_AnchorMin.y
      value: 0
      objectReference: {fileID: 0}
    - target: {fileID: 1713346400818158024, guid: d294c880af10e9040b8a89b433e0c0d1,
        type: 3}
      propertyPath: m_AnchorMax.y
      value: 0
      objectReference: {fileID: 0}
    - target: {fileID: 1713346400818158024, guid: d294c880af10e9040b8a89b433e0c0d1,
        type: 3}
      propertyPath: m_AnchoredPosition.x
      value: 0
      objectReference: {fileID: 0}
    - target: {fileID: 1713346400818158024, guid: d294c880af10e9040b8a89b433e0c0d1,
        type: 3}
      propertyPath: m_AnchoredPosition.y
      value: 0
      objectReference: {fileID: 0}
    - target: {fileID: 1713346400818158024, guid: d294c880af10e9040b8a89b433e0c0d1,
        type: 3}
      propertyPath: m_SizeDelta.x
      value: 0
      objectReference: {fileID: 0}
    - target: {fileID: 1713346400818158024, guid: d294c880af10e9040b8a89b433e0c0d1,
        type: 3}
      propertyPath: m_SizeDelta.y
      value: 0
      objectReference: {fileID: 0}
    - target: {fileID: 3773618474947264705, guid: d294c880af10e9040b8a89b433e0c0d1,
        type: 3}
      propertyPath: m_AnchorMin.y
      value: 0
      objectReference: {fileID: 0}
    - target: {fileID: 3773618474947264705, guid: d294c880af10e9040b8a89b433e0c0d1,
        type: 3}
      propertyPath: m_AnchorMax.y
      value: 0
      objectReference: {fileID: 0}
    - target: {fileID: 3773618474947264705, guid: d294c880af10e9040b8a89b433e0c0d1,
        type: 3}
      propertyPath: m_AnchoredPosition.x
      value: 0
      objectReference: {fileID: 0}
    - target: {fileID: 3773618474947264705, guid: d294c880af10e9040b8a89b433e0c0d1,
        type: 3}
      propertyPath: m_AnchoredPosition.y
      value: 0
      objectReference: {fileID: 0}
    - target: {fileID: 3773618474531464390, guid: d294c880af10e9040b8a89b433e0c0d1,
        type: 3}
      propertyPath: m_AnchorMin.y
      value: 0
      objectReference: {fileID: 0}
    - target: {fileID: 3773618474531464390, guid: d294c880af10e9040b8a89b433e0c0d1,
        type: 3}
      propertyPath: m_AnchorMax.y
      value: 0
      objectReference: {fileID: 0}
    - target: {fileID: 3773618474531464390, guid: d294c880af10e9040b8a89b433e0c0d1,
        type: 3}
      propertyPath: m_AnchoredPosition.x
      value: 0
      objectReference: {fileID: 0}
    - target: {fileID: 3773618474531464390, guid: d294c880af10e9040b8a89b433e0c0d1,
        type: 3}
      propertyPath: m_AnchoredPosition.y
      value: 0
      objectReference: {fileID: 0}
    - target: {fileID: 3773618473435668127, guid: d294c880af10e9040b8a89b433e0c0d1,
        type: 3}
      propertyPath: m_OnClick.m_PersistentCalls.m_Calls.Array.data[0].m_Target
      value: 
      objectReference: {fileID: 1725453163}
    - target: {fileID: 3773618473435668127, guid: d294c880af10e9040b8a89b433e0c0d1,
        type: 3}
      propertyPath: m_OnClick.m_PersistentCalls.m_Calls.Array.data[0].m_MethodName
      value: SaveGame
      objectReference: {fileID: 0}
    - target: {fileID: 3773618473483215183, guid: d294c880af10e9040b8a89b433e0c0d1,
        type: 3}
      propertyPath: m_AnchorMin.y
      value: 0
      objectReference: {fileID: 0}
    - target: {fileID: 3773618473483215183, guid: d294c880af10e9040b8a89b433e0c0d1,
        type: 3}
      propertyPath: m_AnchorMax.y
      value: 0
      objectReference: {fileID: 0}
    - target: {fileID: 3773618473483215183, guid: d294c880af10e9040b8a89b433e0c0d1,
        type: 3}
      propertyPath: m_AnchoredPosition.x
      value: 0
      objectReference: {fileID: 0}
    - target: {fileID: 3773618473483215183, guid: d294c880af10e9040b8a89b433e0c0d1,
        type: 3}
      propertyPath: m_AnchoredPosition.y
      value: 0
      objectReference: {fileID: 0}
    - target: {fileID: 3773618473483215183, guid: d294c880af10e9040b8a89b433e0c0d1,
        type: 3}
      propertyPath: m_SizeDelta.x
      value: 0
      objectReference: {fileID: 0}
    - target: {fileID: 3773618473483215183, guid: d294c880af10e9040b8a89b433e0c0d1,
        type: 3}
      propertyPath: m_SizeDelta.y
      value: 0
      objectReference: {fileID: 0}
    - target: {fileID: 3773618474072394204, guid: d294c880af10e9040b8a89b433e0c0d1,
        type: 3}
      propertyPath: m_AnchorMin.y
      value: 0
      objectReference: {fileID: 0}
    - target: {fileID: 3773618474072394204, guid: d294c880af10e9040b8a89b433e0c0d1,
        type: 3}
      propertyPath: m_AnchorMax.y
      value: 0
      objectReference: {fileID: 0}
    - target: {fileID: 3773618474072394204, guid: d294c880af10e9040b8a89b433e0c0d1,
        type: 3}
      propertyPath: m_AnchoredPosition.x
      value: 0
      objectReference: {fileID: 0}
    - target: {fileID: 3773618474072394204, guid: d294c880af10e9040b8a89b433e0c0d1,
        type: 3}
      propertyPath: m_AnchoredPosition.y
      value: 0
      objectReference: {fileID: 0}
    - target: {fileID: 3773618474072394204, guid: d294c880af10e9040b8a89b433e0c0d1,
        type: 3}
      propertyPath: m_SizeDelta.x
      value: 0
      objectReference: {fileID: 0}
    - target: {fileID: 3773618474072394204, guid: d294c880af10e9040b8a89b433e0c0d1,
        type: 3}
      propertyPath: m_SizeDelta.y
      value: 0
      objectReference: {fileID: 0}
    - target: {fileID: 3773618473616396951, guid: d294c880af10e9040b8a89b433e0c0d1,
        type: 3}
      propertyPath: m_AnchorMin.y
      value: 0
      objectReference: {fileID: 0}
    - target: {fileID: 3773618473616396951, guid: d294c880af10e9040b8a89b433e0c0d1,
        type: 3}
      propertyPath: m_AnchorMax.y
      value: 0
      objectReference: {fileID: 0}
    - target: {fileID: 3773618473616396951, guid: d294c880af10e9040b8a89b433e0c0d1,
        type: 3}
      propertyPath: m_AnchoredPosition.x
      value: 0
      objectReference: {fileID: 0}
    - target: {fileID: 3773618473616396951, guid: d294c880af10e9040b8a89b433e0c0d1,
        type: 3}
      propertyPath: m_AnchoredPosition.y
      value: 0
      objectReference: {fileID: 0}
    - target: {fileID: 3773618473616396951, guid: d294c880af10e9040b8a89b433e0c0d1,
        type: 3}
      propertyPath: m_SizeDelta.x
      value: 0
      objectReference: {fileID: 0}
    - target: {fileID: 3773618473616396951, guid: d294c880af10e9040b8a89b433e0c0d1,
        type: 3}
      propertyPath: m_SizeDelta.y
      value: 0
      objectReference: {fileID: 0}
    - target: {fileID: 6275713118708307617, guid: d294c880af10e9040b8a89b433e0c0d1,
        type: 3}
      propertyPath: m_OnClick.m_PersistentCalls.m_Calls.Array.size
      value: 1
      objectReference: {fileID: 0}
    - target: {fileID: 6275713118708307617, guid: d294c880af10e9040b8a89b433e0c0d1,
        type: 3}
      propertyPath: m_OnClick.m_PersistentCalls.m_Calls.Array.data[1].m_Mode
      value: 1
      objectReference: {fileID: 0}
    - target: {fileID: 6275713118708307617, guid: d294c880af10e9040b8a89b433e0c0d1,
        type: 3}
      propertyPath: m_OnClick.m_PersistentCalls.m_Calls.Array.data[1].m_CallState
      value: 2
      objectReference: {fileID: 0}
    - target: {fileID: 6275713118708307617, guid: d294c880af10e9040b8a89b433e0c0d1,
        type: 3}
      propertyPath: m_OnClick.m_PersistentCalls.m_Calls.Array.data[0].m_Target
      value: 
      objectReference: {fileID: 1725453160}
    - target: {fileID: 6275713118708307617, guid: d294c880af10e9040b8a89b433e0c0d1,
        type: 3}
      propertyPath: m_OnClick.m_PersistentCalls.m_Calls.Array.data[0].m_MethodName
      value: NextTurn
      objectReference: {fileID: 0}
    - target: {fileID: 1713346400669195981, guid: d294c880af10e9040b8a89b433e0c0d1,
        type: 3}
      propertyPath: m_havePropertiesChanged
      value: 1
      objectReference: {fileID: 0}
    - target: {fileID: 1713346400669195981, guid: d294c880af10e9040b8a89b433e0c0d1,
        type: 3}
      propertyPath: m_isInputParsingRequired
      value: 1
      objectReference: {fileID: 0}
    - target: {fileID: 1713346400818158025, guid: d294c880af10e9040b8a89b433e0c0d1,
        type: 3}
      propertyPath: m_havePropertiesChanged
      value: 1
      objectReference: {fileID: 0}
    - target: {fileID: 1713346400818158025, guid: d294c880af10e9040b8a89b433e0c0d1,
        type: 3}
      propertyPath: m_isInputParsingRequired
      value: 1
      objectReference: {fileID: 0}
    - target: {fileID: 3773618475089719327, guid: d294c880af10e9040b8a89b433e0c0d1,
        type: 3}
      propertyPath: m_AnchorMax.x
      value: 0
      objectReference: {fileID: 0}
    - target: {fileID: 3773618475089719327, guid: d294c880af10e9040b8a89b433e0c0d1,
        type: 3}
      propertyPath: m_AnchorMax.y
      value: 0
      objectReference: {fileID: 0}
    - target: {fileID: 3773618475089719327, guid: d294c880af10e9040b8a89b433e0c0d1,
        type: 3}
      propertyPath: m_SizeDelta.x
      value: 0
      objectReference: {fileID: 0}
    - target: {fileID: 3773618475089719327, guid: d294c880af10e9040b8a89b433e0c0d1,
        type: 3}
      propertyPath: m_SizeDelta.y
      value: 0
      objectReference: {fileID: 0}
    - target: {fileID: 3773618475106294418, guid: d294c880af10e9040b8a89b433e0c0d1,
        type: 3}
      propertyPath: m_AnchorMax.x
      value: 0
      objectReference: {fileID: 0}
    - target: {fileID: 3773618475106294418, guid: d294c880af10e9040b8a89b433e0c0d1,
        type: 3}
      propertyPath: m_AnchorMax.y
      value: 0
      objectReference: {fileID: 0}
    - target: {fileID: 3773618475106294418, guid: d294c880af10e9040b8a89b433e0c0d1,
        type: 3}
      propertyPath: m_SizeDelta.x
      value: 0
      objectReference: {fileID: 0}
    - target: {fileID: 3773618475106294418, guid: d294c880af10e9040b8a89b433e0c0d1,
        type: 3}
      propertyPath: m_SizeDelta.y
      value: 0
      objectReference: {fileID: 0}
    - target: {fileID: 3773618474552250018, guid: d294c880af10e9040b8a89b433e0c0d1,
        type: 3}
      propertyPath: m_AnchorMax.x
      value: 0
      objectReference: {fileID: 0}
    - target: {fileID: 3773618474552250018, guid: d294c880af10e9040b8a89b433e0c0d1,
        type: 3}
      propertyPath: m_AnchorMax.y
      value: 0
      objectReference: {fileID: 0}
    - target: {fileID: 3773618474552250018, guid: d294c880af10e9040b8a89b433e0c0d1,
        type: 3}
      propertyPath: m_SizeDelta.x
      value: 0
      objectReference: {fileID: 0}
    - target: {fileID: 3773618474552250018, guid: d294c880af10e9040b8a89b433e0c0d1,
        type: 3}
      propertyPath: m_SizeDelta.y
      value: 0
      objectReference: {fileID: 0}
    - target: {fileID: 3773618474878260568, guid: d294c880af10e9040b8a89b433e0c0d1,
        type: 3}
      propertyPath: m_AnchorMin.y
      value: 0
      objectReference: {fileID: 0}
    - target: {fileID: 3773618474878260568, guid: d294c880af10e9040b8a89b433e0c0d1,
        type: 3}
      propertyPath: m_AnchorMax.y
      value: 0
      objectReference: {fileID: 0}
    - target: {fileID: 3773618474878260568, guid: d294c880af10e9040b8a89b433e0c0d1,
        type: 3}
      propertyPath: m_AnchoredPosition.x
      value: 0
      objectReference: {fileID: 0}
    - target: {fileID: 3773618474878260568, guid: d294c880af10e9040b8a89b433e0c0d1,
        type: 3}
      propertyPath: m_AnchoredPosition.y
      value: 0
      objectReference: {fileID: 0}
    - target: {fileID: 3773618474074714283, guid: d294c880af10e9040b8a89b433e0c0d1,
        type: 3}
      propertyPath: m_AnchorMin.y
      value: 0
      objectReference: {fileID: 0}
    - target: {fileID: 3773618474074714283, guid: d294c880af10e9040b8a89b433e0c0d1,
        type: 3}
      propertyPath: m_AnchorMax.y
      value: 0
      objectReference: {fileID: 0}
    - target: {fileID: 3773618474074714283, guid: d294c880af10e9040b8a89b433e0c0d1,
        type: 3}
      propertyPath: m_AnchoredPosition.x
      value: 0
      objectReference: {fileID: 0}
    - target: {fileID: 3773618474074714283, guid: d294c880af10e9040b8a89b433e0c0d1,
        type: 3}
      propertyPath: m_AnchoredPosition.y
      value: 0
      objectReference: {fileID: 0}
    - target: {fileID: 3773618474593243180, guid: d294c880af10e9040b8a89b433e0c0d1,
        type: 3}
      propertyPath: m_AnchorMin.y
      value: 0
      objectReference: {fileID: 0}
    - target: {fileID: 3773618474593243180, guid: d294c880af10e9040b8a89b433e0c0d1,
        type: 3}
      propertyPath: m_AnchorMax.y
      value: 0
      objectReference: {fileID: 0}
    - target: {fileID: 3773618474593243180, guid: d294c880af10e9040b8a89b433e0c0d1,
        type: 3}
      propertyPath: m_AnchoredPosition.x
      value: 0
      objectReference: {fileID: 0}
    - target: {fileID: 3773618474593243180, guid: d294c880af10e9040b8a89b433e0c0d1,
        type: 3}
      propertyPath: m_AnchoredPosition.y
      value: 0
      objectReference: {fileID: 0}
    - target: {fileID: 3773618473342584340, guid: d294c880af10e9040b8a89b433e0c0d1,
        type: 3}
      propertyPath: m_AnchorMin.y
      value: 0
      objectReference: {fileID: 0}
    - target: {fileID: 3773618473342584340, guid: d294c880af10e9040b8a89b433e0c0d1,
        type: 3}
      propertyPath: m_AnchorMax.y
      value: 0
      objectReference: {fileID: 0}
    - target: {fileID: 3773618473342584340, guid: d294c880af10e9040b8a89b433e0c0d1,
        type: 3}
      propertyPath: m_AnchoredPosition.x
      value: 0
      objectReference: {fileID: 0}
    - target: {fileID: 3773618473342584340, guid: d294c880af10e9040b8a89b433e0c0d1,
        type: 3}
      propertyPath: m_AnchoredPosition.y
      value: 0
      objectReference: {fileID: 0}
    - target: {fileID: 3773618473342584340, guid: d294c880af10e9040b8a89b433e0c0d1,
        type: 3}
      propertyPath: m_SizeDelta.x
      value: 0
      objectReference: {fileID: 0}
    - target: {fileID: 3773618473342584340, guid: d294c880af10e9040b8a89b433e0c0d1,
        type: 3}
      propertyPath: m_SizeDelta.y
      value: 0
      objectReference: {fileID: 0}
    - target: {fileID: 3773618474394483417, guid: d294c880af10e9040b8a89b433e0c0d1,
        type: 3}
      propertyPath: m_AnchorMin.y
      value: 0
      objectReference: {fileID: 0}
    - target: {fileID: 3773618474394483417, guid: d294c880af10e9040b8a89b433e0c0d1,
        type: 3}
      propertyPath: m_AnchorMax.y
      value: 0
      objectReference: {fileID: 0}
    - target: {fileID: 3773618474394483417, guid: d294c880af10e9040b8a89b433e0c0d1,
        type: 3}
      propertyPath: m_AnchoredPosition.x
      value: 0
      objectReference: {fileID: 0}
    - target: {fileID: 3773618474394483417, guid: d294c880af10e9040b8a89b433e0c0d1,
        type: 3}
      propertyPath: m_AnchoredPosition.y
      value: 0
      objectReference: {fileID: 0}
    - target: {fileID: 3773618474394483417, guid: d294c880af10e9040b8a89b433e0c0d1,
        type: 3}
      propertyPath: m_SizeDelta.x
      value: 0
      objectReference: {fileID: 0}
    - target: {fileID: 3773618474394483417, guid: d294c880af10e9040b8a89b433e0c0d1,
        type: 3}
      propertyPath: m_SizeDelta.y
      value: 0
      objectReference: {fileID: 0}
    - target: {fileID: 2177912684553894133, guid: d294c880af10e9040b8a89b433e0c0d1,
        type: 3}
      propertyPath: m_havePropertiesChanged
      value: 1
      objectReference: {fileID: 0}
    - target: {fileID: 2177912684553894133, guid: d294c880af10e9040b8a89b433e0c0d1,
        type: 3}
      propertyPath: m_isInputParsingRequired
      value: 1
      objectReference: {fileID: 0}
    - target: {fileID: 3773618474144141690, guid: d294c880af10e9040b8a89b433e0c0d1,
        type: 3}
      propertyPath: m_AnchorMax.x
      value: 0
      objectReference: {fileID: 0}
    - target: {fileID: 3773618474144141690, guid: d294c880af10e9040b8a89b433e0c0d1,
        type: 3}
      propertyPath: m_AnchorMax.y
      value: 0
      objectReference: {fileID: 0}
    - target: {fileID: 5367793627734983666, guid: d294c880af10e9040b8a89b433e0c0d1,
        type: 3}
      propertyPath: m_AnchorMin.y
      value: 0
      objectReference: {fileID: 0}
    - target: {fileID: 5367793627734983666, guid: d294c880af10e9040b8a89b433e0c0d1,
        type: 3}
      propertyPath: m_AnchorMax.y
      value: 0
      objectReference: {fileID: 0}
    - target: {fileID: 5367793627734983666, guid: d294c880af10e9040b8a89b433e0c0d1,
        type: 3}
      propertyPath: m_AnchoredPosition.x
      value: 0
      objectReference: {fileID: 0}
    - target: {fileID: 5367793627734983666, guid: d294c880af10e9040b8a89b433e0c0d1,
        type: 3}
      propertyPath: m_AnchoredPosition.y
      value: 0
      objectReference: {fileID: 0}
    - target: {fileID: 3773618474329715003, guid: d294c880af10e9040b8a89b433e0c0d1,
        type: 3}
      propertyPath: m_AnchorMin.y
      value: 0
      objectReference: {fileID: 0}
    - target: {fileID: 3773618474329715003, guid: d294c880af10e9040b8a89b433e0c0d1,
        type: 3}
      propertyPath: m_AnchorMax.y
      value: 0
      objectReference: {fileID: 0}
    - target: {fileID: 3773618474329715003, guid: d294c880af10e9040b8a89b433e0c0d1,
        type: 3}
      propertyPath: m_AnchoredPosition.x
      value: 0
      objectReference: {fileID: 0}
    - target: {fileID: 3773618474329715003, guid: d294c880af10e9040b8a89b433e0c0d1,
        type: 3}
      propertyPath: m_AnchoredPosition.y
      value: 0
      objectReference: {fileID: 0}
    - target: {fileID: 3773618475191492824, guid: d294c880af10e9040b8a89b433e0c0d1,
        type: 3}
      propertyPath: m_AnchorMin.y
      value: 0
      objectReference: {fileID: 0}
    - target: {fileID: 3773618475191492824, guid: d294c880af10e9040b8a89b433e0c0d1,
        type: 3}
      propertyPath: m_AnchorMax.y
      value: 0
      objectReference: {fileID: 0}
    - target: {fileID: 3773618475191492824, guid: d294c880af10e9040b8a89b433e0c0d1,
        type: 3}
      propertyPath: m_AnchoredPosition.x
      value: 0
      objectReference: {fileID: 0}
    - target: {fileID: 3773618475191492824, guid: d294c880af10e9040b8a89b433e0c0d1,
        type: 3}
      propertyPath: m_AnchoredPosition.y
      value: 0
      objectReference: {fileID: 0}
    - target: {fileID: 3773618474822925616, guid: d294c880af10e9040b8a89b433e0c0d1,
        type: 3}
      propertyPath: m_AnchorMax.x
      value: 0
      objectReference: {fileID: 0}
    - target: {fileID: 3773618474822925616, guid: d294c880af10e9040b8a89b433e0c0d1,
        type: 3}
      propertyPath: m_AnchorMax.y
      value: 0
      objectReference: {fileID: 0}
    - target: {fileID: 5367793626483803944, guid: d294c880af10e9040b8a89b433e0c0d1,
        type: 3}
      propertyPath: m_AnchorMin.y
      value: 0
      objectReference: {fileID: 0}
    - target: {fileID: 5367793626483803944, guid: d294c880af10e9040b8a89b433e0c0d1,
        type: 3}
      propertyPath: m_AnchorMax.y
      value: 0
      objectReference: {fileID: 0}
    - target: {fileID: 5367793626483803944, guid: d294c880af10e9040b8a89b433e0c0d1,
        type: 3}
      propertyPath: m_AnchoredPosition.x
      value: 0
      objectReference: {fileID: 0}
    - target: {fileID: 5367793626483803944, guid: d294c880af10e9040b8a89b433e0c0d1,
        type: 3}
      propertyPath: m_AnchoredPosition.y
      value: 0
      objectReference: {fileID: 0}
    - target: {fileID: 3773618474024895035, guid: d294c880af10e9040b8a89b433e0c0d1,
        type: 3}
      propertyPath: m_AnchorMin.y
      value: 0
      objectReference: {fileID: 0}
    - target: {fileID: 3773618474024895035, guid: d294c880af10e9040b8a89b433e0c0d1,
        type: 3}
      propertyPath: m_AnchorMax.y
      value: 0
      objectReference: {fileID: 0}
    - target: {fileID: 3773618474024895035, guid: d294c880af10e9040b8a89b433e0c0d1,
        type: 3}
      propertyPath: m_AnchoredPosition.x
      value: 0
      objectReference: {fileID: 0}
    - target: {fileID: 3773618474024895035, guid: d294c880af10e9040b8a89b433e0c0d1,
        type: 3}
      propertyPath: m_AnchoredPosition.y
      value: 0
      objectReference: {fileID: 0}
    - target: {fileID: 3773618474048342322, guid: d294c880af10e9040b8a89b433e0c0d1,
        type: 3}
      propertyPath: m_AnchorMin.y
      value: 0
      objectReference: {fileID: 0}
    - target: {fileID: 3773618474048342322, guid: d294c880af10e9040b8a89b433e0c0d1,
        type: 3}
      propertyPath: m_AnchorMax.y
      value: 0
      objectReference: {fileID: 0}
    - target: {fileID: 3773618474048342322, guid: d294c880af10e9040b8a89b433e0c0d1,
        type: 3}
      propertyPath: m_AnchoredPosition.x
      value: 0
      objectReference: {fileID: 0}
    - target: {fileID: 3773618474048342322, guid: d294c880af10e9040b8a89b433e0c0d1,
        type: 3}
      propertyPath: m_AnchoredPosition.y
      value: 0
      objectReference: {fileID: 0}
    - target: {fileID: 3773618473482867177, guid: d294c880af10e9040b8a89b433e0c0d1,
        type: 3}
      propertyPath: m_AnchorMax.x
      value: 0
      objectReference: {fileID: 0}
    - target: {fileID: 3773618473482867177, guid: d294c880af10e9040b8a89b433e0c0d1,
        type: 3}
      propertyPath: m_AnchorMax.y
      value: 0
      objectReference: {fileID: 0}
    - target: {fileID: 5367793627290050753, guid: d294c880af10e9040b8a89b433e0c0d1,
        type: 3}
      propertyPath: m_AnchorMin.y
      value: 0
      objectReference: {fileID: 0}
    - target: {fileID: 5367793627290050753, guid: d294c880af10e9040b8a89b433e0c0d1,
        type: 3}
      propertyPath: m_AnchorMax.y
      value: 0
      objectReference: {fileID: 0}
    - target: {fileID: 5367793627290050753, guid: d294c880af10e9040b8a89b433e0c0d1,
        type: 3}
      propertyPath: m_AnchoredPosition.x
      value: 0
      objectReference: {fileID: 0}
    - target: {fileID: 5367793627290050753, guid: d294c880af10e9040b8a89b433e0c0d1,
        type: 3}
      propertyPath: m_AnchoredPosition.y
      value: 0
      objectReference: {fileID: 0}
    - target: {fileID: 3773618474891104071, guid: d294c880af10e9040b8a89b433e0c0d1,
        type: 3}
      propertyPath: m_AnchorMin.y
      value: 0
      objectReference: {fileID: 0}
    - target: {fileID: 3773618474891104071, guid: d294c880af10e9040b8a89b433e0c0d1,
        type: 3}
      propertyPath: m_AnchorMax.y
      value: 0
      objectReference: {fileID: 0}
    - target: {fileID: 3773618474891104071, guid: d294c880af10e9040b8a89b433e0c0d1,
        type: 3}
      propertyPath: m_AnchoredPosition.x
      value: 0
      objectReference: {fileID: 0}
    - target: {fileID: 3773618474891104071, guid: d294c880af10e9040b8a89b433e0c0d1,
        type: 3}
      propertyPath: m_AnchoredPosition.y
      value: 0
      objectReference: {fileID: 0}
    - target: {fileID: 3773618474927996267, guid: d294c880af10e9040b8a89b433e0c0d1,
        type: 3}
      propertyPath: m_AnchorMin.y
      value: 0
      objectReference: {fileID: 0}
    - target: {fileID: 3773618474927996267, guid: d294c880af10e9040b8a89b433e0c0d1,
        type: 3}
      propertyPath: m_AnchorMax.y
      value: 0
      objectReference: {fileID: 0}
    - target: {fileID: 3773618474927996267, guid: d294c880af10e9040b8a89b433e0c0d1,
        type: 3}
      propertyPath: m_AnchoredPosition.x
      value: 0
      objectReference: {fileID: 0}
    - target: {fileID: 3773618474927996267, guid: d294c880af10e9040b8a89b433e0c0d1,
        type: 3}
      propertyPath: m_AnchoredPosition.y
      value: 0
      objectReference: {fileID: 0}
    - target: {fileID: 3773618474163525253, guid: d294c880af10e9040b8a89b433e0c0d1,
        type: 3}
      propertyPath: m_AnchorMax.x
      value: 0
      objectReference: {fileID: 0}
    - target: {fileID: 3773618474163525253, guid: d294c880af10e9040b8a89b433e0c0d1,
        type: 3}
      propertyPath: m_AnchorMax.y
      value: 0
      objectReference: {fileID: 0}
    - target: {fileID: 3773618473559810345, guid: d294c880af10e9040b8a89b433e0c0d1,
        type: 3}
      propertyPath: m_AnchorMin.y
      value: 0
      objectReference: {fileID: 0}
    - target: {fileID: 3773618473559810345, guid: d294c880af10e9040b8a89b433e0c0d1,
        type: 3}
      propertyPath: m_AnchorMax.y
      value: 0
      objectReference: {fileID: 0}
    - target: {fileID: 3773618473559810345, guid: d294c880af10e9040b8a89b433e0c0d1,
        type: 3}
      propertyPath: m_AnchoredPosition.x
      value: 0
      objectReference: {fileID: 0}
    - target: {fileID: 3773618473559810345, guid: d294c880af10e9040b8a89b433e0c0d1,
        type: 3}
      propertyPath: m_AnchoredPosition.y
      value: 0
      objectReference: {fileID: 0}
    - target: {fileID: 3773618473895863058, guid: d294c880af10e9040b8a89b433e0c0d1,
        type: 3}
      propertyPath: m_AnchorMin.y
      value: 0
      objectReference: {fileID: 0}
    - target: {fileID: 3773618473895863058, guid: d294c880af10e9040b8a89b433e0c0d1,
        type: 3}
      propertyPath: m_AnchorMax.y
      value: 0
      objectReference: {fileID: 0}
    - target: {fileID: 3773618473895863058, guid: d294c880af10e9040b8a89b433e0c0d1,
        type: 3}
      propertyPath: m_AnchoredPosition.x
      value: 0
      objectReference: {fileID: 0}
    - target: {fileID: 3773618473895863058, guid: d294c880af10e9040b8a89b433e0c0d1,
        type: 3}
      propertyPath: m_AnchoredPosition.y
      value: 0
      objectReference: {fileID: 0}
    - target: {fileID: 3773618474187470111, guid: d294c880af10e9040b8a89b433e0c0d1,
        type: 3}
      propertyPath: m_AnchoredPosition.x
      value: -20
      objectReference: {fileID: 0}
    - target: {fileID: 3773618474187470111, guid: d294c880af10e9040b8a89b433e0c0d1,
        type: 3}
      propertyPath: m_AnchorMin.y
      value: 0
      objectReference: {fileID: 0}
    - target: {fileID: 3773618474187470111, guid: d294c880af10e9040b8a89b433e0c0d1,
        type: 3}
      propertyPath: m_AnchorMax.y
      value: 0
      objectReference: {fileID: 0}
    - target: {fileID: 3773618474187470111, guid: d294c880af10e9040b8a89b433e0c0d1,
        type: 3}
      propertyPath: m_AnchoredPosition.y
      value: 0
      objectReference: {fileID: 0}
    - target: {fileID: 3773618474187470111, guid: d294c880af10e9040b8a89b433e0c0d1,
        type: 3}
      propertyPath: m_SizeDelta.x
      value: 0
      objectReference: {fileID: 0}
    - target: {fileID: 3773618473809316230, guid: d294c880af10e9040b8a89b433e0c0d1,
        type: 3}
      propertyPath: m_AnchoredPosition.x
      value: -9.229998
      objectReference: {fileID: 0}
    - target: {fileID: 3773618473809316230, guid: d294c880af10e9040b8a89b433e0c0d1,
        type: 3}
      propertyPath: m_AnchorMin.y
      value: 0
      objectReference: {fileID: 0}
    - target: {fileID: 3773618473809316230, guid: d294c880af10e9040b8a89b433e0c0d1,
        type: 3}
      propertyPath: m_AnchorMax.y
      value: 0
      objectReference: {fileID: 0}
    - target: {fileID: 3773618473809316230, guid: d294c880af10e9040b8a89b433e0c0d1,
        type: 3}
      propertyPath: m_AnchoredPosition.y
      value: 0
      objectReference: {fileID: 0}
    - target: {fileID: 3773618473809316230, guid: d294c880af10e9040b8a89b433e0c0d1,
        type: 3}
      propertyPath: m_SizeDelta.x
      value: 0
      objectReference: {fileID: 0}
    - target: {fileID: 3773618474640649071, guid: d294c880af10e9040b8a89b433e0c0d1,
        type: 3}
      propertyPath: m_AnchoredPosition.x
      value: 1.5400047
      objectReference: {fileID: 0}
    - target: {fileID: 3773618474640649071, guid: d294c880af10e9040b8a89b433e0c0d1,
        type: 3}
      propertyPath: m_AnchorMin.y
      value: 0
      objectReference: {fileID: 0}
    - target: {fileID: 3773618474640649071, guid: d294c880af10e9040b8a89b433e0c0d1,
        type: 3}
      propertyPath: m_AnchorMax.y
      value: 0
      objectReference: {fileID: 0}
    - target: {fileID: 3773618474640649071, guid: d294c880af10e9040b8a89b433e0c0d1,
        type: 3}
      propertyPath: m_AnchoredPosition.y
      value: 0
      objectReference: {fileID: 0}
    - target: {fileID: 3773618474640649071, guid: d294c880af10e9040b8a89b433e0c0d1,
        type: 3}
      propertyPath: m_SizeDelta.x
      value: 0
      objectReference: {fileID: 0}
    - target: {fileID: 5367793628298778981, guid: d294c880af10e9040b8a89b433e0c0d1,
        type: 3}
      propertyPath: m_AnchorMin.y
      value: 0
      objectReference: {fileID: 0}
    - target: {fileID: 5367793628298778981, guid: d294c880af10e9040b8a89b433e0c0d1,
        type: 3}
      propertyPath: m_AnchorMax.y
      value: 0
      objectReference: {fileID: 0}
    - target: {fileID: 5367793628298778981, guid: d294c880af10e9040b8a89b433e0c0d1,
        type: 3}
      propertyPath: m_AnchoredPosition.x
      value: 0
      objectReference: {fileID: 0}
    - target: {fileID: 5367793628298778981, guid: d294c880af10e9040b8a89b433e0c0d1,
        type: 3}
      propertyPath: m_AnchoredPosition.y
      value: 0
      objectReference: {fileID: 0}
    - target: {fileID: 3773618474286993946, guid: d294c880af10e9040b8a89b433e0c0d1,
        type: 3}
      propertyPath: m_AnchoredPosition.x
      value: -20
      objectReference: {fileID: 0}
    - target: {fileID: 3773618474286993946, guid: d294c880af10e9040b8a89b433e0c0d1,
        type: 3}
      propertyPath: m_AnchorMin.y
      value: 0
      objectReference: {fileID: 0}
    - target: {fileID: 3773618474286993946, guid: d294c880af10e9040b8a89b433e0c0d1,
        type: 3}
      propertyPath: m_AnchorMax.y
      value: 0
      objectReference: {fileID: 0}
    - target: {fileID: 3773618474286993946, guid: d294c880af10e9040b8a89b433e0c0d1,
        type: 3}
      propertyPath: m_AnchoredPosition.y
      value: 0
      objectReference: {fileID: 0}
    - target: {fileID: 3773618474286993946, guid: d294c880af10e9040b8a89b433e0c0d1,
        type: 3}
      propertyPath: m_SizeDelta.x
      value: 0
      objectReference: {fileID: 0}
    - target: {fileID: 3773618473612755522, guid: d294c880af10e9040b8a89b433e0c0d1,
        type: 3}
      propertyPath: m_AnchoredPosition.x
      value: -9.229998
      objectReference: {fileID: 0}
    - target: {fileID: 3773618473612755522, guid: d294c880af10e9040b8a89b433e0c0d1,
        type: 3}
      propertyPath: m_AnchorMin.y
      value: 0
      objectReference: {fileID: 0}
    - target: {fileID: 3773618473612755522, guid: d294c880af10e9040b8a89b433e0c0d1,
        type: 3}
      propertyPath: m_AnchorMax.y
      value: 0
      objectReference: {fileID: 0}
    - target: {fileID: 3773618473612755522, guid: d294c880af10e9040b8a89b433e0c0d1,
        type: 3}
      propertyPath: m_AnchoredPosition.y
      value: 0
      objectReference: {fileID: 0}
    - target: {fileID: 3773618473612755522, guid: d294c880af10e9040b8a89b433e0c0d1,
        type: 3}
      propertyPath: m_SizeDelta.x
      value: 0
      objectReference: {fileID: 0}
    - target: {fileID: 3773618474828205828, guid: d294c880af10e9040b8a89b433e0c0d1,
        type: 3}
      propertyPath: m_AnchoredPosition.x
      value: 1.5400047
      objectReference: {fileID: 0}
    - target: {fileID: 3773618474828205828, guid: d294c880af10e9040b8a89b433e0c0d1,
        type: 3}
      propertyPath: m_AnchorMin.y
      value: 0
      objectReference: {fileID: 0}
    - target: {fileID: 3773618474828205828, guid: d294c880af10e9040b8a89b433e0c0d1,
        type: 3}
      propertyPath: m_AnchorMax.y
      value: 0
      objectReference: {fileID: 0}
    - target: {fileID: 3773618474828205828, guid: d294c880af10e9040b8a89b433e0c0d1,
        type: 3}
      propertyPath: m_AnchoredPosition.y
      value: 0
      objectReference: {fileID: 0}
    - target: {fileID: 3773618474828205828, guid: d294c880af10e9040b8a89b433e0c0d1,
        type: 3}
      propertyPath: m_SizeDelta.x
      value: 0
      objectReference: {fileID: 0}
    - target: {fileID: 3773618473954932284, guid: d294c880af10e9040b8a89b433e0c0d1,
        type: 3}
      propertyPath: m_AnchoredPosition.x
      value: -20
      objectReference: {fileID: 0}
    - target: {fileID: 3773618473954932284, guid: d294c880af10e9040b8a89b433e0c0d1,
        type: 3}
      propertyPath: m_AnchorMin.y
      value: 0
      objectReference: {fileID: 0}
    - target: {fileID: 3773618473954932284, guid: d294c880af10e9040b8a89b433e0c0d1,
        type: 3}
      propertyPath: m_AnchorMax.y
      value: 0
      objectReference: {fileID: 0}
    - target: {fileID: 3773618473954932284, guid: d294c880af10e9040b8a89b433e0c0d1,
        type: 3}
      propertyPath: m_AnchoredPosition.y
      value: 0
      objectReference: {fileID: 0}
    - target: {fileID: 3773618473954932284, guid: d294c880af10e9040b8a89b433e0c0d1,
        type: 3}
      propertyPath: m_SizeDelta.x
      value: 0
      objectReference: {fileID: 0}
    - target: {fileID: 3773618474528456389, guid: d294c880af10e9040b8a89b433e0c0d1,
        type: 3}
      propertyPath: m_AnchoredPosition.x
      value: -9.229998
      objectReference: {fileID: 0}
    - target: {fileID: 3773618474528456389, guid: d294c880af10e9040b8a89b433e0c0d1,
        type: 3}
      propertyPath: m_AnchorMin.y
      value: 0
      objectReference: {fileID: 0}
    - target: {fileID: 3773618474528456389, guid: d294c880af10e9040b8a89b433e0c0d1,
        type: 3}
      propertyPath: m_AnchorMax.y
      value: 0
      objectReference: {fileID: 0}
    - target: {fileID: 3773618474528456389, guid: d294c880af10e9040b8a89b433e0c0d1,
        type: 3}
      propertyPath: m_AnchoredPosition.y
      value: 0
      objectReference: {fileID: 0}
    - target: {fileID: 3773618474528456389, guid: d294c880af10e9040b8a89b433e0c0d1,
        type: 3}
      propertyPath: m_SizeDelta.x
      value: 0
      objectReference: {fileID: 0}
    - target: {fileID: 3773618473173577178, guid: d294c880af10e9040b8a89b433e0c0d1,
        type: 3}
      propertyPath: m_AnchoredPosition.x
      value: 1.5400047
      objectReference: {fileID: 0}
    - target: {fileID: 3773618473173577178, guid: d294c880af10e9040b8a89b433e0c0d1,
        type: 3}
      propertyPath: m_AnchorMin.y
      value: 0
      objectReference: {fileID: 0}
    - target: {fileID: 3773618473173577178, guid: d294c880af10e9040b8a89b433e0c0d1,
        type: 3}
      propertyPath: m_AnchorMax.y
      value: 0
      objectReference: {fileID: 0}
    - target: {fileID: 3773618473173577178, guid: d294c880af10e9040b8a89b433e0c0d1,
        type: 3}
      propertyPath: m_AnchoredPosition.y
      value: 0
      objectReference: {fileID: 0}
    - target: {fileID: 3773618473173577178, guid: d294c880af10e9040b8a89b433e0c0d1,
        type: 3}
      propertyPath: m_SizeDelta.x
      value: 0
      objectReference: {fileID: 0}
    - target: {fileID: 5367793626425069726, guid: d294c880af10e9040b8a89b433e0c0d1,
        type: 3}
      propertyPath: m_SizeDelta.x
      value: 0
      objectReference: {fileID: 0}
    - target: {fileID: 5367793626425069726, guid: d294c880af10e9040b8a89b433e0c0d1,
        type: 3}
      propertyPath: m_SizeDelta.y
      value: 0
      objectReference: {fileID: 0}
    - target: {fileID: 5367793626489376289, guid: d294c880af10e9040b8a89b433e0c0d1,
        type: 3}
      propertyPath: m_SizeDelta.x
      value: 0
      objectReference: {fileID: 0}
    - target: {fileID: 5367793626489376289, guid: d294c880af10e9040b8a89b433e0c0d1,
        type: 3}
      propertyPath: m_SizeDelta.y
      value: 0
      objectReference: {fileID: 0}
    - target: {fileID: 5367793626581229373, guid: d294c880af10e9040b8a89b433e0c0d1,
        type: 3}
      propertyPath: m_SizeDelta.x
      value: 0
      objectReference: {fileID: 0}
    - target: {fileID: 5367793626581229373, guid: d294c880af10e9040b8a89b433e0c0d1,
        type: 3}
      propertyPath: m_SizeDelta.y
      value: 0
      objectReference: {fileID: 0}
    - target: {fileID: 5367793627705480413, guid: d294c880af10e9040b8a89b433e0c0d1,
        type: 3}
      propertyPath: m_SizeDelta.x
      value: 0
      objectReference: {fileID: 0}
    - target: {fileID: 5367793627705480413, guid: d294c880af10e9040b8a89b433e0c0d1,
        type: 3}
      propertyPath: m_SizeDelta.y
      value: 0
      objectReference: {fileID: 0}
    - target: {fileID: 3773618475247685945, guid: d294c880af10e9040b8a89b433e0c0d1,
        type: 3}
      propertyPath: m_AnchorMin.y
      value: 0
      objectReference: {fileID: 0}
    - target: {fileID: 3773618475247685945, guid: d294c880af10e9040b8a89b433e0c0d1,
        type: 3}
      propertyPath: m_AnchorMax.y
      value: 0
      objectReference: {fileID: 0}
    - target: {fileID: 3773618475247685945, guid: d294c880af10e9040b8a89b433e0c0d1,
        type: 3}
      propertyPath: m_AnchoredPosition.x
      value: 0
      objectReference: {fileID: 0}
    - target: {fileID: 3773618475247685945, guid: d294c880af10e9040b8a89b433e0c0d1,
        type: 3}
      propertyPath: m_AnchoredPosition.y
      value: 0
      objectReference: {fileID: 0}
    - target: {fileID: 3773618473258248073, guid: d294c880af10e9040b8a89b433e0c0d1,
        type: 3}
      propertyPath: m_AnchorMin.y
      value: 0
      objectReference: {fileID: 0}
    - target: {fileID: 3773618473258248073, guid: d294c880af10e9040b8a89b433e0c0d1,
        type: 3}
      propertyPath: m_AnchorMax.y
      value: 0
      objectReference: {fileID: 0}
    - target: {fileID: 3773618473258248073, guid: d294c880af10e9040b8a89b433e0c0d1,
        type: 3}
      propertyPath: m_AnchoredPosition.x
      value: 0
      objectReference: {fileID: 0}
    - target: {fileID: 3773618473258248073, guid: d294c880af10e9040b8a89b433e0c0d1,
        type: 3}
      propertyPath: m_AnchoredPosition.y
      value: 0
      objectReference: {fileID: 0}
    - target: {fileID: 3773618474795867668, guid: d294c880af10e9040b8a89b433e0c0d1,
        type: 3}
      propertyPath: m_AnchorMin.y
      value: 0
      objectReference: {fileID: 0}
    - target: {fileID: 3773618474795867668, guid: d294c880af10e9040b8a89b433e0c0d1,
        type: 3}
      propertyPath: m_AnchorMax.y
      value: 0
      objectReference: {fileID: 0}
    - target: {fileID: 3773618474795867668, guid: d294c880af10e9040b8a89b433e0c0d1,
        type: 3}
      propertyPath: m_AnchoredPosition.x
      value: 0
      objectReference: {fileID: 0}
    - target: {fileID: 3773618474795867668, guid: d294c880af10e9040b8a89b433e0c0d1,
        type: 3}
      propertyPath: m_AnchoredPosition.y
      value: 0
      objectReference: {fileID: 0}
    - target: {fileID: 3773618474582658606, guid: d294c880af10e9040b8a89b433e0c0d1,
        type: 3}
      propertyPath: m_AnchorMin.y
      value: 0
      objectReference: {fileID: 0}
    - target: {fileID: 3773618474582658606, guid: d294c880af10e9040b8a89b433e0c0d1,
        type: 3}
      propertyPath: m_AnchorMax.y
      value: 0
      objectReference: {fileID: 0}
    - target: {fileID: 3773618474582658606, guid: d294c880af10e9040b8a89b433e0c0d1,
        type: 3}
      propertyPath: m_AnchoredPosition.x
      value: 0
      objectReference: {fileID: 0}
    - target: {fileID: 3773618474582658606, guid: d294c880af10e9040b8a89b433e0c0d1,
        type: 3}
      propertyPath: m_AnchoredPosition.y
      value: 0
      objectReference: {fileID: 0}
    - target: {fileID: 3773618475068142326, guid: d294c880af10e9040b8a89b433e0c0d1,
        type: 3}
      propertyPath: m_AnchorMin.y
      value: 0
      objectReference: {fileID: 0}
    - target: {fileID: 3773618475068142326, guid: d294c880af10e9040b8a89b433e0c0d1,
        type: 3}
      propertyPath: m_AnchorMax.y
      value: 0
      objectReference: {fileID: 0}
    - target: {fileID: 3773618475068142326, guid: d294c880af10e9040b8a89b433e0c0d1,
        type: 3}
      propertyPath: m_AnchoredPosition.x
      value: 0
      objectReference: {fileID: 0}
    - target: {fileID: 3773618475068142326, guid: d294c880af10e9040b8a89b433e0c0d1,
        type: 3}
      propertyPath: m_AnchoredPosition.y
      value: 0
      objectReference: {fileID: 0}
    - target: {fileID: 3773618474533925755, guid: d294c880af10e9040b8a89b433e0c0d1,
        type: 3}
      propertyPath: m_AnchorMin.y
      value: 0
      objectReference: {fileID: 0}
    - target: {fileID: 3773618474533925755, guid: d294c880af10e9040b8a89b433e0c0d1,
        type: 3}
      propertyPath: m_AnchorMax.y
      value: 0
      objectReference: {fileID: 0}
    - target: {fileID: 3773618474533925755, guid: d294c880af10e9040b8a89b433e0c0d1,
        type: 3}
      propertyPath: m_AnchoredPosition.x
      value: 0
      objectReference: {fileID: 0}
    - target: {fileID: 3773618474533925755, guid: d294c880af10e9040b8a89b433e0c0d1,
        type: 3}
      propertyPath: m_AnchoredPosition.y
      value: 0
      objectReference: {fileID: 0}
    - target: {fileID: 3773618473216337719, guid: d294c880af10e9040b8a89b433e0c0d1,
        type: 3}
      propertyPath: m_AnchorMin.y
      value: 0
      objectReference: {fileID: 0}
    - target: {fileID: 3773618473216337719, guid: d294c880af10e9040b8a89b433e0c0d1,
        type: 3}
      propertyPath: m_AnchorMax.y
      value: 0
      objectReference: {fileID: 0}
    - target: {fileID: 3773618473216337719, guid: d294c880af10e9040b8a89b433e0c0d1,
        type: 3}
      propertyPath: m_AnchoredPosition.x
      value: 0
      objectReference: {fileID: 0}
    - target: {fileID: 3773618473216337719, guid: d294c880af10e9040b8a89b433e0c0d1,
        type: 3}
      propertyPath: m_AnchoredPosition.y
      value: 0
      objectReference: {fileID: 0}
    - target: {fileID: 3773618473216337719, guid: d294c880af10e9040b8a89b433e0c0d1,
        type: 3}
      propertyPath: m_SizeDelta.x
      value: 0
      objectReference: {fileID: 0}
    - target: {fileID: 3773618473216337719, guid: d294c880af10e9040b8a89b433e0c0d1,
        type: 3}
      propertyPath: m_SizeDelta.y
      value: 0
      objectReference: {fileID: 0}
    - target: {fileID: 3773618474139720093, guid: d294c880af10e9040b8a89b433e0c0d1,
        type: 3}
      propertyPath: m_AnchorMin.y
      value: 0
      objectReference: {fileID: 0}
    - target: {fileID: 3773618474139720093, guid: d294c880af10e9040b8a89b433e0c0d1,
        type: 3}
      propertyPath: m_AnchorMax.y
      value: 0
      objectReference: {fileID: 0}
    - target: {fileID: 3773618474139720093, guid: d294c880af10e9040b8a89b433e0c0d1,
        type: 3}
      propertyPath: m_AnchoredPosition.x
      value: 0
      objectReference: {fileID: 0}
    - target: {fileID: 3773618474139720093, guid: d294c880af10e9040b8a89b433e0c0d1,
        type: 3}
      propertyPath: m_AnchoredPosition.y
      value: 0
      objectReference: {fileID: 0}
    - target: {fileID: 3773618474139720093, guid: d294c880af10e9040b8a89b433e0c0d1,
        type: 3}
      propertyPath: m_SizeDelta.x
      value: 0
      objectReference: {fileID: 0}
    - target: {fileID: 3773618474139720093, guid: d294c880af10e9040b8a89b433e0c0d1,
        type: 3}
      propertyPath: m_SizeDelta.y
      value: 0
      objectReference: {fileID: 0}
    - target: {fileID: 3773618473580622085, guid: d294c880af10e9040b8a89b433e0c0d1,
        type: 3}
      propertyPath: m_AnchorMin.y
      value: 0
      objectReference: {fileID: 0}
    - target: {fileID: 3773618473580622085, guid: d294c880af10e9040b8a89b433e0c0d1,
        type: 3}
      propertyPath: m_AnchorMax.y
      value: 0
      objectReference: {fileID: 0}
    - target: {fileID: 3773618473580622085, guid: d294c880af10e9040b8a89b433e0c0d1,
        type: 3}
      propertyPath: m_AnchoredPosition.x
      value: 0
      objectReference: {fileID: 0}
    - target: {fileID: 3773618473580622085, guid: d294c880af10e9040b8a89b433e0c0d1,
        type: 3}
      propertyPath: m_AnchoredPosition.y
      value: 0
      objectReference: {fileID: 0}
    - target: {fileID: 3773618473580622085, guid: d294c880af10e9040b8a89b433e0c0d1,
        type: 3}
      propertyPath: m_SizeDelta.x
      value: 0
      objectReference: {fileID: 0}
    - target: {fileID: 3773618473580622085, guid: d294c880af10e9040b8a89b433e0c0d1,
        type: 3}
      propertyPath: m_SizeDelta.y
      value: 0
      objectReference: {fileID: 0}
    - target: {fileID: 3773618474468712630, guid: d294c880af10e9040b8a89b433e0c0d1,
        type: 3}
      propertyPath: m_AnchorMin.y
      value: 0
      objectReference: {fileID: 0}
    - target: {fileID: 3773618474468712630, guid: d294c880af10e9040b8a89b433e0c0d1,
        type: 3}
      propertyPath: m_AnchorMax.y
      value: 0
      objectReference: {fileID: 0}
    - target: {fileID: 3773618474468712630, guid: d294c880af10e9040b8a89b433e0c0d1,
        type: 3}
      propertyPath: m_AnchoredPosition.x
      value: 0
      objectReference: {fileID: 0}
    - target: {fileID: 3773618474468712630, guid: d294c880af10e9040b8a89b433e0c0d1,
        type: 3}
      propertyPath: m_AnchoredPosition.y
      value: 0
      objectReference: {fileID: 0}
    - target: {fileID: 3773618474468712630, guid: d294c880af10e9040b8a89b433e0c0d1,
        type: 3}
      propertyPath: m_SizeDelta.x
      value: 0
      objectReference: {fileID: 0}
    - target: {fileID: 3773618474468712630, guid: d294c880af10e9040b8a89b433e0c0d1,
        type: 3}
      propertyPath: m_SizeDelta.y
      value: 0
      objectReference: {fileID: 0}
    m_RemovedComponents: []
  m_SourcePrefab: {fileID: 100100000, guid: d294c880af10e9040b8a89b433e0c0d1, type: 3}
--- !u!114 &1282689486 stripped
MonoBehaviour:
  m_CorrespondingSourceObject: {fileID: 1713346401041038686, guid: d294c880af10e9040b8a89b433e0c0d1,
    type: 3}
  m_PrefabInstance: {fileID: 1248349957}
  m_PrefabAsset: {fileID: 0}
  m_GameObject: {fileID: 0}
  m_Enabled: 1
  m_EditorHideFlags: 0
  m_Script: {fileID: 11500000, guid: b0d5e77ef3c8eb04d950d8ea03fab9df, type: 3}
  m_Name: 
  m_EditorClassIdentifier: 
--- !u!114 &1324257864 stripped
MonoBehaviour:
  m_CorrespondingSourceObject: {fileID: 3773618473464325874, guid: d294c880af10e9040b8a89b433e0c0d1,
    type: 3}
  m_PrefabInstance: {fileID: 1248349957}
  m_PrefabAsset: {fileID: 0}
  m_GameObject: {fileID: 0}
  m_Enabled: 1
  m_EditorHideFlags: 0
  m_Script: {fileID: 11500000, guid: ba18c4c8f69b536409d0724f7058d748, type: 3}
  m_Name: 
  m_EditorClassIdentifier: 
--- !u!1 &1571186510
GameObject:
  m_ObjectHideFlags: 0
  m_CorrespondingSourceObject: {fileID: 0}
  m_PrefabInstance: {fileID: 0}
  m_PrefabAsset: {fileID: 0}
  serializedVersion: 6
  m_Component:
  - component: {fileID: 1571186512}
  - component: {fileID: 1571186511}
  m_Layer: 0
  m_Name: Hex Grid
  m_TagString: Untagged
  m_Icon: {fileID: 0}
  m_NavMeshLayer: 0
  m_StaticEditorFlags: 0
  m_IsActive: 1
--- !u!114 &1571186511
MonoBehaviour:
  m_ObjectHideFlags: 0
  m_CorrespondingSourceObject: {fileID: 0}
  m_PrefabInstance: {fileID: 0}
  m_PrefabAsset: {fileID: 0}
  m_GameObject: {fileID: 1571186510}
  m_Enabled: 1
  m_EditorHideFlags: 0
  m_Script: {fileID: 11500000, guid: 414a0fc06528949a0baff4f719b04a4f, type: 3}
  m_Name: 
  m_EditorClassIdentifier: 
  cellCountX: 20
  cellCountZ: 15
  wrapping: 1
  cellPrefab: {fileID: 11422220, guid: 94c2312396697489abc866a188f80152, type: 3}
  cellLabelPrefab: {fileID: 11470134, guid: f68794ca03b6f4510b9a5bd6ee9ba2f4, type: 3}
  chunkPrefab: {fileID: 114000010052569294, guid: 7622d007cafd044a1b1189c0b93d2912,
    type: 3}
  noiseSource: {fileID: 2800000, guid: 38701cdeb1fb9427cbb585f917aa59cb, type: 3}
  seed: 1234
--- !u!4 &1571186512
Transform:
  m_ObjectHideFlags: 0
  m_CorrespondingSourceObject: {fileID: 0}
  m_PrefabInstance: {fileID: 0}
  m_PrefabAsset: {fileID: 0}
  m_GameObject: {fileID: 1571186510}
  m_LocalRotation: {x: 0, y: 0, z: 0, w: 1}
  m_LocalPosition: {x: 0, y: 0, z: 0}
  m_LocalScale: {x: 1, y: 1, z: 1}
  m_Children: []
  m_Father: {fileID: 0}
  m_RootOrder: 2
  m_LocalEulerAnglesHint: {x: 0, y: 0, z: 0}
--- !u!224 &1584426181 stripped
RectTransform:
  m_CorrespondingSourceObject: {fileID: 1728261055960167003, guid: d95d5d0a18f26fa4bb444a6dae7d51f4,
    type: 3}
  m_PrefabInstance: {fileID: 1948814036}
  m_PrefabAsset: {fileID: 0}
--- !u!1001 &1645001975
PrefabInstance:
  m_ObjectHideFlags: 0
  serializedVersion: 2
  m_Modification:
    m_TransformParent: {fileID: 0}
    m_Modifications:
    - target: {fileID: 7422675864962521895, guid: e6c25847a86e8c4469f7f2626bbc97b9,
        type: 3}
      propertyPath: m_Name
      value: OceanGame
      objectReference: {fileID: 0}
    - target: {fileID: 7422675864962521899, guid: e6c25847a86e8c4469f7f2626bbc97b9,
        type: 3}
      propertyPath: m_LocalPosition.x
      value: 126
      objectReference: {fileID: 0}
    - target: {fileID: 7422675864962521899, guid: e6c25847a86e8c4469f7f2626bbc97b9,
        type: 3}
      propertyPath: m_LocalPosition.y
      value: 4.95
      objectReference: {fileID: 0}
    - target: {fileID: 7422675864962521899, guid: e6c25847a86e8c4469f7f2626bbc97b9,
        type: 3}
      propertyPath: m_LocalPosition.z
      value: 105.7
      objectReference: {fileID: 0}
    - target: {fileID: 7422675864962521899, guid: e6c25847a86e8c4469f7f2626bbc97b9,
        type: 3}
      propertyPath: m_LocalRotation.x
      value: 0
      objectReference: {fileID: 0}
    - target: {fileID: 7422675864962521899, guid: e6c25847a86e8c4469f7f2626bbc97b9,
        type: 3}
      propertyPath: m_LocalRotation.y
      value: 0
      objectReference: {fileID: 0}
    - target: {fileID: 7422675864962521899, guid: e6c25847a86e8c4469f7f2626bbc97b9,
        type: 3}
      propertyPath: m_LocalRotation.z
      value: 0
      objectReference: {fileID: 0}
    - target: {fileID: 7422675864962521899, guid: e6c25847a86e8c4469f7f2626bbc97b9,
        type: 3}
      propertyPath: m_LocalRotation.w
      value: 1
      objectReference: {fileID: 0}
    - target: {fileID: 7422675864962521899, guid: e6c25847a86e8c4469f7f2626bbc97b9,
        type: 3}
      propertyPath: m_RootOrder
      value: 8
      objectReference: {fileID: 0}
    - target: {fileID: 7422675864962521899, guid: e6c25847a86e8c4469f7f2626bbc97b9,
        type: 3}
      propertyPath: m_LocalEulerAnglesHint.x
      value: 0
      objectReference: {fileID: 0}
    - target: {fileID: 7422675864962521899, guid: e6c25847a86e8c4469f7f2626bbc97b9,
        type: 3}
      propertyPath: m_LocalEulerAnglesHint.y
      value: 0
      objectReference: {fileID: 0}
    - target: {fileID: 7422675864962521899, guid: e6c25847a86e8c4469f7f2626bbc97b9,
        type: 3}
      propertyPath: m_LocalEulerAnglesHint.z
      value: 0
      objectReference: {fileID: 0}
    m_RemovedComponents: []
  m_SourcePrefab: {fileID: 100100000, guid: e6c25847a86e8c4469f7f2626bbc97b9, type: 3}
--- !u!1 &1725453159
GameObject:
  m_ObjectHideFlags: 0
  m_CorrespondingSourceObject: {fileID: 0}
  m_PrefabInstance: {fileID: 0}
  m_PrefabAsset: {fileID: 0}
  serializedVersion: 6
  m_Component:
  - component: {fileID: 1725453161}
  - component: {fileID: 1725453163}
  - component: {fileID: 1725453162}
  - component: {fileID: 1725453160}
  - component: {fileID: 1725453164}
  - component: {fileID: 1725453166}
  - component: {fileID: 1725453165}
  m_Layer: 0
  m_Name: GameManager
  m_TagString: Untagged
  m_Icon: {fileID: 0}
  m_NavMeshLayer: 0
  m_StaticEditorFlags: 0
  m_IsActive: 1
--- !u!114 &1725453160
MonoBehaviour:
  m_ObjectHideFlags: 0
  m_CorrespondingSourceObject: {fileID: 0}
  m_PrefabInstance: {fileID: 0}
  m_PrefabAsset: {fileID: 0}
  m_GameObject: {fileID: 1725453159}
  m_Enabled: 1
  m_EditorHideFlags: 0
  m_Script: {fileID: 11500000, guid: a3a2bab2b65507243a90aa2e2c3b272b, type: 3}
  m_Name: 
  m_EditorClassIdentifier: 
  grid: {fileID: 1571186511}
  mapGenerator: {fileID: 2056945512}
  hexUI: {fileID: 1886297047}
  mapSizeX: 15
  mapSizeZ: 15
  wrapping: 0
  model: {fileID: 0}
  view: {fileID: 0}
--- !u!4 &1725453161
Transform:
  m_ObjectHideFlags: 0
  m_CorrespondingSourceObject: {fileID: 0}
  m_PrefabInstance: {fileID: 0}
  m_PrefabAsset: {fileID: 0}
  m_GameObject: {fileID: 1725453159}
  m_LocalRotation: {x: 0, y: 0, z: 0, w: 1}
  m_LocalPosition: {x: 714.3562, y: 74.97876, z: 20.466217}
  m_LocalScale: {x: 1, y: 1, z: 1}
  m_Children: []
  m_Father: {fileID: 0}
  m_RootOrder: 0
  m_LocalEulerAnglesHint: {x: 0, y: 0, z: 0}
--- !u!114 &1725453162
MonoBehaviour:
  m_ObjectHideFlags: 0
  m_CorrespondingSourceObject: {fileID: 0}
  m_PrefabInstance: {fileID: 0}
  m_PrefabAsset: {fileID: 0}
  m_GameObject: {fileID: 1725453159}
  m_Enabled: 1
  m_EditorHideFlags: 0
  m_Script: {fileID: 11500000, guid: 0ecd9a7943209c84f984e8518baf4545, type: 3}
  m_Name: 
  m_EditorClassIdentifier: 
  radialMenu: {fileID: 0}
  camRig: {fileID: 2102140320}
  controller: {fileID: 0}
  resourcesV: {fileID: 1324257864}
  cellTimer: {fileID: 0}
--- !u!114 &1725453163
MonoBehaviour:
  m_ObjectHideFlags: 0
  m_CorrespondingSourceObject: {fileID: 0}
  m_PrefabInstance: {fileID: 0}
  m_PrefabAsset: {fileID: 0}
  m_GameObject: {fileID: 1725453159}
  m_Enabled: 1
  m_EditorHideFlags: 0
  m_Script: {fileID: 11500000, guid: 16c075877a72817449d67c5576eb38a2, type: 3}
  m_Name: 
  m_EditorClassIdentifier: 
  controller: {fileID: 0}
  referencesContainer: {fileID: 11400000, guid: 08d7e871f15211547919e199f19ca4bb,
    type: 2}
  hexMetrics: {fileID: 11400000, guid: 9488a0a073036584db475c6c163c2110, type: 2}
--- !u!114 &1725453164
MonoBehaviour:
  m_ObjectHideFlags: 0
  m_CorrespondingSourceObject: {fileID: 0}
  m_PrefabInstance: {fileID: 0}
  m_PrefabAsset: {fileID: 0}
  m_GameObject: {fileID: 1725453159}
  m_Enabled: 1
  m_EditorHideFlags: 0
  m_Script: {fileID: 11500000, guid: 98bfac136b44b1f409d999953003e17b, type: 3}
  m_Name: 
  m_EditorClassIdentifier: 
  lockedCamera: 0
  minScreenMovementThreshold: 0.001
  maxScreenMovementThreshold: 0.999
  mouseMovSpeed: 1.5
  mouseCamRotSensitivity: 0.1
  moveCameraWEdges: 0
--- !u!82 &1725453165
AudioSource:
  m_ObjectHideFlags: 0
  m_CorrespondingSourceObject: {fileID: 0}
  m_PrefabInstance: {fileID: 0}
  m_PrefabAsset: {fileID: 0}
  m_GameObject: {fileID: 1725453159}
  m_Enabled: 1
  serializedVersion: 4
  OutputAudioMixerGroup: {fileID: 0}
  m_audioClip: {fileID: 8300000, guid: 628941f53ba195947b584f31676c75f4, type: 3}
  m_PlayOnAwake: 1
  m_Volume: 1
  m_Pitch: 1
  Loop: 1
  Mute: 0
  Spatialize: 0
  SpatializePostEffects: 0
  Priority: 128
  DopplerLevel: 1
  MinDistance: 1
  MaxDistance: 500
  Pan2D: 0
  rolloffMode: 0
  BypassEffects: 0
  BypassListenerEffects: 0
  BypassReverbZones: 0
  rolloffCustomCurve:
    serializedVersion: 2
    m_Curve:
    - serializedVersion: 3
      time: 0
      value: 1
      inSlope: 0
      outSlope: 0
      tangentMode: 0
      weightedMode: 0
      inWeight: 0.33333334
      outWeight: 0.33333334
    - serializedVersion: 3
      time: 1
      value: 0
      inSlope: 0
      outSlope: 0
      tangentMode: 0
      weightedMode: 0
      inWeight: 0.33333334
      outWeight: 0.33333334
    m_PreInfinity: 2
    m_PostInfinity: 2
    m_RotationOrder: 4
  panLevelCustomCurve:
    serializedVersion: 2
    m_Curve:
    - serializedVersion: 3
      time: 0
      value: 0
      inSlope: 0
      outSlope: 0
      tangentMode: 0
      weightedMode: 0
      inWeight: 0.33333334
      outWeight: 0.33333334
    m_PreInfinity: 2
    m_PostInfinity: 2
    m_RotationOrder: 4
  spreadCustomCurve:
    serializedVersion: 2
    m_Curve:
    - serializedVersion: 3
      time: 0
      value: 0
      inSlope: 0
      outSlope: 0
      tangentMode: 0
      weightedMode: 0
      inWeight: 0.33333334
      outWeight: 0.33333334
    m_PreInfinity: 2
    m_PostInfinity: 2
    m_RotationOrder: 4
  reverbZoneMixCustomCurve:
    serializedVersion: 2
    m_Curve:
    - serializedVersion: 3
      time: 0
      value: 1
      inSlope: 0
      outSlope: 0
      tangentMode: 0
      weightedMode: 0
      inWeight: 0.33333334
      outWeight: 0.33333334
    m_PreInfinity: 2
    m_PostInfinity: 2
    m_RotationOrder: 4
--- !u!114 &1725453166
MonoBehaviour:
  m_ObjectHideFlags: 0
  m_CorrespondingSourceObject: {fileID: 0}
  m_PrefabInstance: {fileID: 0}
  m_PrefabAsset: {fileID: 0}
  m_GameObject: {fileID: 1725453159}
  m_Enabled: 1
  m_EditorHideFlags: 0
  m_Script: {fileID: 11500000, guid: cc26593a3464deb4caff2ec7fc31ee02, type: 3}
  m_Name: 
  m_EditorClassIdentifier: 
  mySO: {fileID: 11400000, guid: 441b67041cbeed346b9525195ed6ab52, type: 2}
--- !u!114 &1886297047 stripped
MonoBehaviour:
  m_CorrespondingSourceObject: {fileID: 3773618474984761621, guid: d294c880af10e9040b8a89b433e0c0d1,
    type: 3}
  m_PrefabInstance: {fileID: 1248349957}
  m_PrefabAsset: {fileID: 0}
  m_GameObject: {fileID: 0}
  m_Enabled: 1
  m_EditorHideFlags: 0
  m_Script: {fileID: 11500000, guid: 5069366424a544be0b028f5cef956c44, type: 3}
  m_Name: 
  m_EditorClassIdentifier: 
--- !u!1001 &1948814036
PrefabInstance:
  m_ObjectHideFlags: 0
  serializedVersion: 2
  m_Modification:
    m_TransformParent: {fileID: 0}
    m_Modifications:
    - target: {fileID: 1728261055960166996, guid: d95d5d0a18f26fa4bb444a6dae7d51f4,
        type: 3}
      propertyPath: m_Name
      value: World Space UI_CArt_v001
      objectReference: {fileID: 0}
    - target: {fileID: 1728261055960167003, guid: d95d5d0a18f26fa4bb444a6dae7d51f4,
        type: 3}
      propertyPath: m_LocalPosition.x
      value: 0
      objectReference: {fileID: 0}
    - target: {fileID: 1728261055960167003, guid: d95d5d0a18f26fa4bb444a6dae7d51f4,
        type: 3}
      propertyPath: m_LocalPosition.y
      value: 0
      objectReference: {fileID: 0}
    - target: {fileID: 1728261055960167003, guid: d95d5d0a18f26fa4bb444a6dae7d51f4,
        type: 3}
      propertyPath: m_LocalPosition.z
      value: 0
      objectReference: {fileID: 0}
    - target: {fileID: 1728261055960167003, guid: d95d5d0a18f26fa4bb444a6dae7d51f4,
        type: 3}
      propertyPath: m_LocalRotation.x
      value: 0
      objectReference: {fileID: 0}
    - target: {fileID: 1728261055960167003, guid: d95d5d0a18f26fa4bb444a6dae7d51f4,
        type: 3}
      propertyPath: m_LocalRotation.y
      value: 0
      objectReference: {fileID: 0}
    - target: {fileID: 1728261055960167003, guid: d95d5d0a18f26fa4bb444a6dae7d51f4,
        type: 3}
      propertyPath: m_LocalRotation.z
      value: 0
      objectReference: {fileID: 0}
    - target: {fileID: 1728261055960167003, guid: d95d5d0a18f26fa4bb444a6dae7d51f4,
        type: 3}
      propertyPath: m_LocalRotation.w
      value: 1
      objectReference: {fileID: 0}
    - target: {fileID: 1728261055960167003, guid: d95d5d0a18f26fa4bb444a6dae7d51f4,
        type: 3}
      propertyPath: m_RootOrder
      value: 5
      objectReference: {fileID: 0}
    - target: {fileID: 1728261055960167003, guid: d95d5d0a18f26fa4bb444a6dae7d51f4,
        type: 3}
      propertyPath: m_LocalEulerAnglesHint.x
      value: 0
      objectReference: {fileID: 0}
    - target: {fileID: 1728261055960167003, guid: d95d5d0a18f26fa4bb444a6dae7d51f4,
        type: 3}
      propertyPath: m_LocalEulerAnglesHint.y
      value: 0
      objectReference: {fileID: 0}
    - target: {fileID: 1728261055960167003, guid: d95d5d0a18f26fa4bb444a6dae7d51f4,
        type: 3}
      propertyPath: m_LocalEulerAnglesHint.z
      value: 0
      objectReference: {fileID: 0}
    - target: {fileID: 1728261055960167003, guid: d95d5d0a18f26fa4bb444a6dae7d51f4,
        type: 3}
      propertyPath: m_AnchoredPosition.x
      value: 478.5
      objectReference: {fileID: 0}
    - target: {fileID: 1728261055960167003, guid: d95d5d0a18f26fa4bb444a6dae7d51f4,
        type: 3}
      propertyPath: m_AnchoredPosition.y
      value: 269
      objectReference: {fileID: 0}
    - target: {fileID: 1728261055960167003, guid: d95d5d0a18f26fa4bb444a6dae7d51f4,
        type: 3}
      propertyPath: m_SizeDelta.x
      value: 1920
      objectReference: {fileID: 0}
    - target: {fileID: 1728261055960167003, guid: d95d5d0a18f26fa4bb444a6dae7d51f4,
        type: 3}
      propertyPath: m_SizeDelta.y
      value: 1080
      objectReference: {fileID: 0}
    - target: {fileID: 1728261055960167003, guid: d95d5d0a18f26fa4bb444a6dae7d51f4,
        type: 3}
      propertyPath: m_AnchorMin.x
      value: 0
      objectReference: {fileID: 0}
    - target: {fileID: 1728261055960167003, guid: d95d5d0a18f26fa4bb444a6dae7d51f4,
        type: 3}
      propertyPath: m_AnchorMin.y
      value: 0
      objectReference: {fileID: 0}
    - target: {fileID: 1728261055960167003, guid: d95d5d0a18f26fa4bb444a6dae7d51f4,
        type: 3}
      propertyPath: m_AnchorMax.x
      value: 0
      objectReference: {fileID: 0}
    - target: {fileID: 1728261055960167003, guid: d95d5d0a18f26fa4bb444a6dae7d51f4,
        type: 3}
      propertyPath: m_AnchorMax.y
      value: 0
      objectReference: {fileID: 0}
    - target: {fileID: 1728261055960167003, guid: d95d5d0a18f26fa4bb444a6dae7d51f4,
        type: 3}
      propertyPath: m_Pivot.x
      value: 0.5
      objectReference: {fileID: 0}
    - target: {fileID: 1728261055960167003, guid: d95d5d0a18f26fa4bb444a6dae7d51f4,
        type: 3}
      propertyPath: m_Pivot.y
      value: 0.5
      objectReference: {fileID: 0}
    - target: {fileID: 1728261055960167000, guid: d95d5d0a18f26fa4bb444a6dae7d51f4,
        type: 3}
      propertyPath: m_AdditionalShaderChannelsFlag
      value: 25
      objectReference: {fileID: 0}
    - target: {fileID: 1728261057799245815, guid: d95d5d0a18f26fa4bb444a6dae7d51f4,
        type: 3}
      propertyPath: infoBox
      value: 
      objectReference: {fileID: 1282689486}
    m_RemovedComponents: []
  m_SourcePrefab: {fileID: 100100000, guid: d95d5d0a18f26fa4bb444a6dae7d51f4, type: 3}
--- !u!1 &2019527339
GameObject:
  m_ObjectHideFlags: 0
  m_CorrespondingSourceObject: {fileID: 0}
  m_PrefabInstance: {fileID: 0}
  m_PrefabAsset: {fileID: 0}
  serializedVersion: 6
  m_Component:
  - component: {fileID: 2019527341}
  - component: {fileID: 2019527340}
  m_Layer: 0
  m_Name: Directional Light
  m_TagString: Untagged
  m_Icon: {fileID: 0}
  m_NavMeshLayer: 0
  m_StaticEditorFlags: 0
  m_IsActive: 1
--- !u!108 &2019527340
Light:
  m_ObjectHideFlags: 0
  m_CorrespondingSourceObject: {fileID: 0}
  m_PrefabInstance: {fileID: 0}
  m_PrefabAsset: {fileID: 0}
  m_GameObject: {fileID: 2019527339}
  m_Enabled: 1
  serializedVersion: 8
  m_Type: 1
  m_Color: {r: 1, g: 0.95686275, b: 0.8392157, a: 1}
  m_Intensity: 1
  m_Range: 10
  m_SpotAngle: 30
  m_CookieSize: 10
  m_Shadows:
    m_Type: 2
    m_Resolution: -1
    m_CustomResolution: -1
    m_Strength: 1
    m_Bias: 0.4
    m_NormalBias: 0
    m_NearPlane: 0.2
  m_Cookie: {fileID: 0}
  m_DrawHalo: 0
  m_Flare: {fileID: 0}
  m_RenderMode: 0
  m_CullingMask:
    serializedVersion: 2
    m_Bits: 4294967295
  m_Lightmapping: 4
  m_LightShadowCasterMode: 0
  m_AreaSize: {x: 1, y: 1}
  m_BounceIntensity: 1
  m_ColorTemperature: 6570
  m_UseColorTemperature: 0
  m_ShadowRadius: 0
  m_ShadowAngle: 0
--- !u!4 &2019527341
Transform:
  m_ObjectHideFlags: 0
  m_CorrespondingSourceObject: {fileID: 0}
  m_PrefabInstance: {fileID: 0}
  m_PrefabAsset: {fileID: 0}
  m_GameObject: {fileID: 2019527339}
  m_LocalRotation: {x: 0.40821794, y: -0.23456973, z: 0.109381676, w: 0.87542605}
  m_LocalPosition: {x: 0, y: 300, z: 0}
  m_LocalScale: {x: 1, y: 1, z: 1}
  m_Children: []
  m_Father: {fileID: 0}
  m_RootOrder: 1
  m_LocalEulerAnglesHint: {x: 0, y: 0, z: 0}
--- !u!1 &2056945511
GameObject:
  m_ObjectHideFlags: 0
  m_CorrespondingSourceObject: {fileID: 0}
  m_PrefabInstance: {fileID: 0}
  m_PrefabAsset: {fileID: 0}
  serializedVersion: 6
  m_Component:
  - component: {fileID: 2056945513}
  - component: {fileID: 2056945512}
  m_Layer: 0
  m_Name: Hex Map Generator
  m_TagString: Untagged
  m_Icon: {fileID: 0}
  m_NavMeshLayer: 0
  m_StaticEditorFlags: 0
  m_IsActive: 1
--- !u!114 &2056945512
MonoBehaviour:
  m_ObjectHideFlags: 0
  m_CorrespondingSourceObject: {fileID: 0}
  m_PrefabInstance: {fileID: 0}
  m_PrefabAsset: {fileID: 0}
  m_GameObject: {fileID: 2056945511}
  m_Enabled: 1
  m_EditorHideFlags: 0
  m_Script: {fileID: 11500000, guid: 5ce9de9c7694b42c9ac45ddfca692a98, type: 3}
  m_Name: 
  m_EditorClassIdentifier: 
  grid: {fileID: 1571186511}
  useFixedSeed: 1
  seed: 1208905299
  jitterProbability: 0.25
  chunkSizeMin: 30
  chunkSizeMax: 100
  highRiseProbability: 0.25
  sinkProbability: 0.2
  landPercentage: 50
  waterLevel: 3
  elevationMinimum: -2
  elevationMaximum: 8
  mapBorderX: 5
  mapBorderZ: 5
  regionBorder: 5
  regionCount: 1
  erosionPercentage: 50
  startingMoisture: 0.1
  evaporationFactor: 0.5
  precipitationFactor: 0.25
  runoffFactor: 0.25
  seepageFactor: 0.25
  windDirection: 5
  windStrength: 4
  riverPercentage: 10
  extraLakeProbability: 0.25
  lowTemperature: 0
  highTemperature: 1
  hemisphere: 0
  temperatureJitter: 0.1
--- !u!4 &2056945513
Transform:
  m_ObjectHideFlags: 0
  m_CorrespondingSourceObject: {fileID: 0}
  m_PrefabInstance: {fileID: 0}
  m_PrefabAsset: {fileID: 0}
  m_GameObject: {fileID: 2056945511}
  m_LocalRotation: {x: 0, y: 0, z: 0, w: 1}
  m_LocalPosition: {x: 0, y: 0, z: 0}
  m_LocalScale: {x: 1, y: 1, z: 1}
  m_Children: []
  m_Father: {fileID: 0}
  m_RootOrder: 4
  m_LocalEulerAnglesHint: {x: 0, y: 0, z: 0}
--- !u!114 &2102140320 stripped
MonoBehaviour:
  m_CorrespondingSourceObject: {fileID: 1271987046862847871, guid: e72595af79f0123428d384b32bd767fe,
    type: 3}
  m_PrefabInstance: {fileID: 1271987046111797983}
  m_PrefabAsset: {fileID: 0}
  m_GameObject: {fileID: 0}
  m_Enabled: 1
  m_EditorHideFlags: 0
  m_Script: {fileID: 11500000, guid: 5a7781699ea884365b44347e935bc319, type: 3}
  m_Name: 
  m_EditorClassIdentifier: 
--- !u!1001 &1271987046111797983
PrefabInstance:
  m_ObjectHideFlags: 0
  serializedVersion: 2
  m_Modification:
    m_TransformParent: {fileID: 0}
    m_Modifications:
    - target: {fileID: 1271987046862847809, guid: e72595af79f0123428d384b32bd767fe,
        type: 3}
      propertyPath: m_Name
      value: Hex Map Camera W Pollution
      objectReference: {fileID: 0}
    - target: {fileID: 1271987046862847808, guid: e72595af79f0123428d384b32bd767fe,
        type: 3}
      propertyPath: m_LocalPosition.x
      value: 0
      objectReference: {fileID: 0}
    - target: {fileID: 1271987046862847808, guid: e72595af79f0123428d384b32bd767fe,
        type: 3}
      propertyPath: m_LocalPosition.y
      value: 0
      objectReference: {fileID: 0}
    - target: {fileID: 1271987046862847808, guid: e72595af79f0123428d384b32bd767fe,
        type: 3}
      propertyPath: m_LocalPosition.z
      value: 0
      objectReference: {fileID: 0}
    - target: {fileID: 1271987046862847808, guid: e72595af79f0123428d384b32bd767fe,
        type: 3}
      propertyPath: m_LocalRotation.x
      value: 0
      objectReference: {fileID: 0}
    - target: {fileID: 1271987046862847808, guid: e72595af79f0123428d384b32bd767fe,
        type: 3}
      propertyPath: m_LocalRotation.y
      value: 0
      objectReference: {fileID: 0}
    - target: {fileID: 1271987046862847808, guid: e72595af79f0123428d384b32bd767fe,
        type: 3}
      propertyPath: m_LocalRotation.z
      value: 0
      objectReference: {fileID: 0}
    - target: {fileID: 1271987046862847808, guid: e72595af79f0123428d384b32bd767fe,
        type: 3}
      propertyPath: m_LocalRotation.w
      value: 1
      objectReference: {fileID: 0}
    - target: {fileID: 1271987046862847808, guid: e72595af79f0123428d384b32bd767fe,
        type: 3}
      propertyPath: m_RootOrder
      value: 3
      objectReference: {fileID: 0}
    - target: {fileID: 1271987046862847808, guid: e72595af79f0123428d384b32bd767fe,
        type: 3}
      propertyPath: m_LocalEulerAnglesHint.x
      value: 0
      objectReference: {fileID: 0}
    - target: {fileID: 1271987046862847808, guid: e72595af79f0123428d384b32bd767fe,
        type: 3}
      propertyPath: m_LocalEulerAnglesHint.y
      value: 0
      objectReference: {fileID: 0}
    - target: {fileID: 1271987046862847808, guid: e72595af79f0123428d384b32bd767fe,
        type: 3}
      propertyPath: m_LocalEulerAnglesHint.z
      value: 0
      objectReference: {fileID: 0}
    - target: {fileID: 1271987046862847871, guid: e72595af79f0123428d384b32bd767fe,
        type: 3}
      propertyPath: grid
      value: 
      objectReference: {fileID: 1571186511}
    m_RemovedComponents: []
  m_SourcePrefab: {fileID: 100100000, guid: e72595af79f0123428d384b32bd767fe, type: 3}
